2342 3892
299 152 312 171 l

251 207 309 275 373
472 133 899 268 CarolllinJon

252 299 347 376 magni
362 299 494 375 inprimis
511 340 520 368 ,
540 298 570 357 dt
591 296 715 372 praeclari
736 298 811 355 riri:
839 305 905 373 quae
929 298 1001 358 mihi
1030 299 1128 357 tradita

255 378 309 446 est,
330 375 395 434 cirm
418 374 501 433 effem
522 374 677 433 adolescens
702 374 820 433 Tarenti
840 390 905 431 cunr
928 378 970 449 Q.
989 376 1130 435 Maximo.

258 453 372 514 Nullam
388 452 575 528 capitaliorem
598 451 702 525 pestem
719 493 728 519 ,
747 449 834 526 quim
856 452 983 525 corporis
1004 454 1130 529 uolupta-

258 532 318 589 t'em
329 528 503 596 ,hominibus
516 528 625 588 dicebat
639 527 654 586 i
670 539 766 585 natura
779 525 888 585 datam:
909 529 990 602 cujus
1006 530 1129 604 volupta-

259 609 294 693 tis
307 605 397 677 avidae
409 604 535 665 libidines
549 604 657 665 temeri
673 606 703 663 ἃ
716 601 849 662 effrenati
862 602 897 662 ad
906 604 1082 679 potiundum
1094 608 1129 664 in·

165 698 172 711 “
260 696 419 742 citarentur.

127 783 135 795 ·
215 794 252 848 40
301 760 379 817 Hinc
412 759 508 835 patriae
541 758 740 835 proditiones,
766 758 833 817 hinc
866 759 1129 835 rerumpublicarum

110 852 206 921 prasci
267 834 447 905 eversrones,
466 836 532 895 hinc
561 854 628 894 curn
649 835 769 894 hostibus
798 834 964 895 clandestina
993 838 1130 913 colloqui

112 920 221 969 dicebant
265 912 377 971 rnalci:
397 914 508 973 nullunr
520 913 641 1047 denique
661 911 769 982 scelus,
797 912 903 971 nullum
921 912 1053 973 amalum
1074 916 1129 973 fati·

118 986 168 1029 “²¹²
266 1008 319 1052 nus
333 986 387 1047 elie
403 1030 412 1059 ,
431 990 466 1049 ad
480 988 558 1067 quod
595 986 784 1064 uscipiendum
807 1006 866 1048 non
887 988 974 1048 libido
988 991 1130 1066 voluptaria

113 1054 258 1154 qhqragnum
266 1067 436 1142 impelleret:
457 1066 545 1143 stupra
554 1064 640 1134 verb,
661 1066 690 1123 &
705 1065 857 1135 adulteria,
878 1068 907 1125 &
923 1083 1013 1125 omne
1020 1069 1079 1125 tale
1095 1067 1130 1124 lla·

116 1186 128 1217 ,
143 1165 236 1217 mima
266 1146 384 1222 gitium,
404 1143 521 1204 78nullis
534 1142 591 1201 aliis
604 1142 734 1200 illecebris
748 1143 882 1201 texetur-i
898 1185 907 1212 ,
926 1142 977 1203 nili
992 1145 1130 1219 ⁸rolupte·

116 1235 169 1280 atu.
268 1224 310 1282 tis.
351 1222 483 1298 Cumque
499 1220 610 1278 bomini
622 1218 679 1277 srve
691 1231 811 1289 natura,
832 1218 887 1276 five
907 1222 970 1296 quis
992 1220 1062 1279 deus
1077 1222 1129 1279 nihi

71 1358 74 1368 ,
117 1311 130 1343 ³
151 1293 365 1369 v“lulli-mente
378 1297 551 1375 praestabilius
565 1294 696 1363 dediilet;
715 1297 780 1353 huic
794 1296 891 1357 divino
906 1299 1018 1357 muneri
1036 1316 1072 1357 ac
1091 1300 1129 1357 do

118 1358 259 1467 '‘l''‘ffl
269 1395 308 1436 no
319 1376 387 1435 nihil
402 1372 456 1433 elle
469 1387 525 1433 tam
541 1374 706 1441 inimicum,
725 1372 811 1449 quim
826 1373 1010 1449 voluptatem.

115 1421 169 1497 φ’
258 1454 266 1469 ’
309 1455 372 1511 Nec
393 1454 469 1511 enim
488 1449 602 1510 libidine
632 1449 796 1509 dominante
824 1452 1019 1527 temperantiae
1045 1451 1130 1511 locum

120 1550 194 1613 [effe
225 1499 364 1598 4¹teffe;
385 1546 478 1603 neque
499 1527 640 1586 'omnino
666 1529 696 1585 in
724 1523 871 1601 voluplatis
898 1545 986 1603 regno
1008 1528 1129 1589 virtutem

120 1626 225 1674 omnino
251 1622 253 1628 ’
274 1604 351 1682 polle
367 1604 521 1665 consistere.
558 1604 636 1681 quod
649 1621 708 1682 quo
722 1605 808 1679 magn
828 1603 942 1680 intelligi
958 1602 1072 1680 poliet;
1092 1605 1130 1663 lin·

119 1704 166 1738 nec
181 1689 229 1735 edd·
273 1701 339 1759 gere
354 1684 451 1741 animo
462 1682 592 1757 jubebat,
611 1694 687 1738 tanta
702 1682 847 1739 incitatum
860 1680 983 1757 aliquem
998 1682 1130 1759 voluptate

123 1753 193 1815 quan.
225 1811 231 1822 .
273 1760 414 1835 corporis,
434 1758 676 1837 quanta¹percipi
689 1755 777 1832 pollet
792 1755 922 1816 maxima.
956 1758 1065 1817 nemini
1080 1778 1130 1817 cen·

122 1824 344 1938 {fflf'msebat
360 1836 421 1895 fore
442 1836 556 1895 dubium
574 1876 591 1904 ,.
610 1836 678 1911 quin
705 1832 836 1903 tamdiu,
854 1833 922 1893 dum
935 1834 973 1893 ita
988 1836 1130 1920 gauderet¹

121 1943 232 1993 aava„
274 1914 341 1974 nibil
361 1915 462 2000 agitare
491 1923 614 1980 mente,
640 1909 708 1969 nihil
725 1911 856 1979 ratione,
881 1912 951 1971 nihil
971 1914 1129 1988 cogitationi

147 2008 186 2055 'n
202 2006 231 2051 Β.
275 1989 407 2066 consequi
436 1988 532 2065 pollet.
570 1988 702 2065 quocirca
722 1988 790 2046 nihil
816 1986 870 2046 esse
892 2003 950 2047 tarn
972 1988 1125 2047 detestabile

124 2078 141 2115 ³
158 2064 245 2139 percipi
273 2078 389 2141 tamque
403 2066 579 2141 pelliferum,
599 2062 686 2141 quim
708 2065 905 2140 voluptatem:
931 2064 950 2124 fi
964 2064 1077 2153 quidem
1093 2084 1124 2123 ea

124 2146 165 2176 ’¹⁰¹³
177 2129 239 2191 estse
276 2142 381 2201 79cbm
397 2144 487 2218 major
508 2139 574 2201 eliet
599 2154 683 2216 atque
697 2142 825 2216 longior,
845 2159 932 2200 omne
946 2143 1034 2201 animi
1044 2142 1129 2204 lumel

125 2195 180 2243 MS·
210 2266 217 2277 ,
274 2220 466 2295 exstingueret.
486 2220 560 2277 Haec
574 2235 639 2275 cum
656 2216 689 2275 C.
703 2219 806 2277 Pontio
823 2219 963 2286 Samnite,
982 2230 1061 2295 patre
1070 2207 1129 2295 ejus'

275 2296 387 2374 iquo,
408 2295 652 2383 Caudino-proelio
672 2294 718 2371 Sp.
738 2295 917 2364 Postumius,
935 2295 975 2355 Τ.
989 2296 1120 2357 Veturius

272 2374 397 2437 consules
407 2416 417 2449 ,
436 2373 644 2453 superatarum,
661 2371 790 2435 locutum
804 2373 979 2450 Archytam,
999 2374 1128 2530 blearcbsq

309 2612 348 2661 78.
366 2606 443 2654 Nullis
458 2606 512 2654 eliis
526 2608 628 2655 illecebris
642 2606 752 2665 excitari,
770 2606 814 2666 nisi
830 2608 973 2671 voluptaria]
998 2608 1127 2659 Membnn

274 2669 373 2721 Metelli
387 2673 444 2715 enim
458 2672 512 2715 aliie
522 2670 581 2717 relus
593 2671 695 2717 illecabris
708 2672 802 2717 excitari
815 2672 857 2729 ete‘fi
866 2672 1021 2735 voluptatibus.
1037 2676 1127 2738 antiqui

274 2732 428 2787 retillecelrae,
446 2744 471 2779 ut
483 2745 525 2779 rere
540 2735 653 2790 iaculum,
671 2735 748 2780 melier
759 2735 839 2781 Gellia
852 2770 861 2791 ,
875 2731 1083 2793 hcetmbaheslia.
1108 2734 1127 2794 ln

277 2795 339 2847 nihil
350 2809 426 2845 muro.
443 2800 479 2843 lta
490 2796 641 2845 Gulielmius.
657 2811 671 2845 e
689 2811 705 2844 o
715 2796 1042 2861 propretbancdiverfitatetn
1053 2799 1127 2861 scripti

278 2859 372 2971 mireo
381 2859 459 2922 potius
470 2858 603 2918 inclinem,
624 2871 651 2909 nt
670 2858 774 2924 uspieet,
783 2861 842 2911 illud
859 2862 902 2921 m'fi
915 2862 1035 2925 voluptarie
1048 2896 1057 2919 ,
1074 2860 1117 2912 effe

296 2926 321 2972 lo
342 2937 363 2973 a.
395 2928 483 2971 Gruter.

277 2938 344 3042 gro.
362 2985 414 3034 clm
425 2988 495 3044 major
506 2984 551 3048 effer
561 3000 626 3051 etque
635 2988 742 3050 longina]
771 2985 807 3036 Sic
820 2983 917 3048 quidem
929 2984 1006 3037 edictu
1014 2984 1103 3041 bodie,
1119 2984 1126 3035 l

274 3050 360 3105 eredo,
368 3052 419 3099 imo
428 3048 575 3105 scio,lraberi
585 3052 611 3099 in
625 3053 713 3101 Msstis
723 3047 872 3113 quibusdam.
890 3056 1064 3100 verumtamen
1076 3052 1099 3098 bt
1107 3051 1126 3095 V'

274 3115 362 3163 nortus
372 3116 397 3162 δι
410 3115 513 3177 Langius
531 3113 592 3165 bene
601 3116 714 3175 antiquos
725 3113 874 3176 inipexernnt
884 3111 958 3161 libros
969 3148 977 3172 ‚
993 3114 1060 3162 unde
1068 3112 1120 3159 edid

273 3192 329 3227 runt
339 3192 402 3236 atque
413 3180 564 3241 longinquior,
579 3178 646 3241 quod
659 3178 710 3228 line
719 3176 792 3226 dubio
802 3176 957 3226 excellentius
967 3210 975 3233 ,
996 3179 1022 3227 ξ(
1033 3177 1125 3227 Ciceror

275 3240 409 3303 probatius,
425 3254 449 3289 ut
460 3254 525 3309 patet
536 3254 566 3290 ex
576 3241 617 3293 lib.
626 3256 649 3290 e.
664 3239 731 3291 Tusc.
741 3238 826 3303 Quali,
836 3255 873 3293 rr.
888 3245 924 3287 De
933 3236 1005 3286 do'lere
1014 3244 1125 3286 emenone

169 3340 173 3349 ,
275 3320 321 3366 que
327 3304 431 3369 sequatur
440 3320 458 3350 .··
471 3322 562 3369 quorem
574 3306 744 3369 magnitudinem
759 3304 1008 3363 demireteemsolarer,
1018 3306 1125 3365 ‚longinqua

276 3377 342 3413 ratem
352 3369 446 3417 lenitate.
469 3374 531 3417 Mox
541 3370 566 3417 in
582 3374 654 3417 Msto
664 3365 745 3415 codice
755 3363 898 3428 deprehendi
914 3367 1002 3427 impedit
1011 3369 1068 3412 enim
1081 3369 1125 3409 lau

276 3428 400 3484 confilium,
412 3432 512 3493 voluptas
522 3434 604 3479 rationi
614 3433 704 3478 inimice
714 3430 768 3487 ell.]
779 3434 837 3490 Qrae
847 3441 895 3475 vox
908 3427 1038 3478 intermllsa
1047 3424 1125 3476 effecil

275 3488 385 3609 gelatur,
400 3501 426 3543 nt
437 3493 533 3546 verbum
543 3490 572 3557 est
582 3492 597 3547 d
608 3490 750 3561 quibusdam
759 3494 827 3550 MSS.
838 3488 911 3553 abir,
925 3491 952 3547 itt
961 3491 1016 3547 diis
1027 3504 1124 3557 apparea

298 3570 372 3611 tettae.
841 3597 848 3606 ,

278 3620 280 3624 ’
322 3635 325 3641 ’
1038 3622 1076 3668 Ιυ.
1095 3616 1124 3673 ξι
