2342 3892
282 102 719 171 Consensero'
838 113 920 184 mm

41 211 114 272 lore
129 209 294 288 affligimur,
313 213 437 277 maximi
450 213 518 274 solet
531 215 653 277 evenire.
691 209 818 292 quodex
832 209 930 292 colit,

42 285 135 365 quod
149 284 235 365 eiepti
250 289 296 350 vel
316 292 399 350 amici
410 300 423 361 ',
450 292 494 350 vel
515 291 626 362 affinis,
654 289 700 351 vel
722 289 768 350 filii
790 288 924 364 cogitatio
1001 339 1004 350 .

42 366 129 424 adeo
143 367 222 425 nobis
236 379 311 443 grata
326 367 382 437 est,
396 366 473 448 quod
487 368 562 427 illurn
578 366 659 443 paene
673 378 737 432 ante
751 365 938 425 oculoscon··
998 373 1001 388 ‘

47 443 169 501 stituere
181 443 322 512 videatur,
342 456 389 514 ot,
406 446 492 503 'etiam
508 443 528 501 sr
542 446 669 504 dolorem
691 443 822 512 refricet,
842 441 940 501 &la-r
1004 493 1006 500 ,

44 535 167 592 crymas
180 519 286 588 eliciat,
303 533 399 580 tamen
418 538 481 580 earn
503 520 644 596 deponere
665 519 794 580 nolimus.
831 535 879 585 ac,
899 517 921 579 si

44 595 88 654 ad
105 595 306 659 consolandum
319 595 441 655 remedia
454 598 614 672 suppetant,
633 609 728 656 tamen
736 595 802 654 nihil
817 596 921 665 minus,

45 671 142 748 quam
166 672 367 733 consolantium
389 674 496 742 verba,
523 674 675 732 audiamus.
713 673 840 733 falluntur
854 671 919 730 sane

47 751 176 824 graviter
191 751 237 825 qui
253 751 289 808 ita
304 762 401 825 agunt:
422 749 467 809 sed
481 749 556 808 hunc
570 749 710 818 errorem,
730 767 787 824 quo
803 765 924 822 magno·

46 843 122 899 pere
136 824 321 895 delesiantur,
341 826 388 884 libi
403 827 560 903 extorqueri
581 828 690 885 nolunt.
728 830 823 902 Quare
842 825 929 886 suum'

42 901 203 978 unicuique
217 903 352 971 liudium,
372 902 473 980 suaque
487 902 617 961 omnibus
632 900 928 976 deleclatioreliuqua·'

44 988 107 1036 tur.
145 996 204 1038 non
220 981 296 1045 enlm
312 995 427 1048 vereor,
448 980 533 1055 quin,
552 979 676 1038 siminus
696 980 725 1037 in
746 977 803 1056 ipso
818 978 923 1038 doloris

44 1053 120 1116 aeliu
134 1055 261 1114 remediis
276 1055 409 1115 utendum
423 1055 553 1115 homines
566 1055 693 1115 censeant
708 1095 716 1122 ,
737 1052 811 1112 certi
827 1097 835 1123 ‚
855 1052 921 1114 clam
969 1072 978 1090 =

44 1129 167 1189 modice
180 1131 263 1195 dolor
275 1133 419 1200 resederit,
438 1150 472 1190 ac
493 1131 520 1190 se
543 1131 662 1206 paullum
687 1130 761 1205 quasi
779 1132 920 1190 remittere

44 1208 186 1281 coeperit,
203 1209 240 1266 ad
254 1207 460 1282 exstinguendas
475 1207 577 1267 doloris
592 1207 716 1282 reliquias
729 1207 836 1266 monita
850 1222 922 1282 prae-¹

41 1299 187 1366 ceptoque
200 1283 289 1342 nostra
308 1284 495 1346 adhibeantur.
534 1285 603 1348 nihil
625 1297 719 1343 autem
743 1283 834 1342 utilius
862 1281 917 1354 eii,

42 1377 137 1435 quarn
159 1359 222 1417 haec
243 1357 340 1418 eadem
365 1360 557 1434 inuoluptate
593 1377 626 1419 ac
639 1360 733 1425 laetitia
755 1357 919 1435 pertradiare
952 1430 954 1436 Ι

41 1449 136 1510 atque
150 1434 178 1494 iu
194 1434 318 1496 manibus
332 1435 441 1496 habere.
481 1437 518 1496 sic
533 1438 609 1495 enirn
634 1439 663 1496 δε
682 1435 758 1510 legi,
779 1447 861 1511 atque
882 1434 918 1495 ad

41 1512 168 1569 verbum
184 1511 289 1578 edisci,
309 1513 461 1588 &penitus
483 1514 631 1572 memoriae
648 1507 771 1571 mandari
789 1508 918 1587 poliunt,

41 1600 101 1656 ut,
122 1585 186 1645 cirrn
199 1589 228 1645 in
242 1590 367 1648 animum
382 1591 489 1665 penitus
502 1589 678 1658 influxerint,
697 1600 756 1646 rum
781 1587 919 1648 exhauriri

41 1681 82 1722 ac
99 1663 204 1737 prorsus
218 1664 303 1735 elabi,
322 1677 382 1731 non
404 1665 484 1725 facile
505 1678 618 1742 queant.
656 1667 694 1732 ita
715 1662 764 1733 fit,
784 1675 829 1732 ut,
851 1661 916 1722 cum

43 1738 166 1814 reperite
181 1739 262 1800 dolor
275 1741 389 1811 invasrt,
409 1753 470 1802 tum
484 1743 517 1802 iis
530 1754 660 1803 utamur:
678 1757 743 1818 quae
759 1782 769 1811 ,
788 1739 838 1800 nifi
851 1739 917 1800 anti

44 1829 182 1893 percepta
208 1819 238 1877 δι
254 1820 365 1894 cognita
377 1817 444 1889 lint,
464 1821 571 1896 impetu
583 1815 643 1896 ipso
657 1817 760 1877 doloris
774 1816 917 1884 incurrenss

39 1906 102 1959 te,
123 1891 203 1968 plane
218 1893 319 1970 depelli
346 1906 429 1970 atque
443 1894 552 1961 excludi
575 1895 672 1956 solent.
711 1892 840 1954 sensimus
859 1893 917 1954 hoe
1022 1917 1026 1924 ·

40 1970 74 2028 in
91 1970 171 2028 nobis
188 1969 264 2044 iplit:
285 1989 338 2032 uec
351 1989 448 2047 parurn
462 1970 543 2032 nobis
556 1972 661 2039 obfuit,
673 1971 747 2032 itanc
759 1969 915 2034 universalia

38 2045 172 2107 adversus
185 2047 314 2117 dolorem
327 2051 600 2109 commentationem
609 2066 666 2106 nou
682 2045 771 2106 multo
785 2043 916 2111 antiani·

40 2138 96 2181 mo
117 2131 149 2180 ac
186 2135 282 2182 mente
334 2123 482 2190 ,rcurrilie
518 2125 645 2202 quamvis
666 2125 741 2182 enirn
762 2121 916 2198 permultos

39 2197 275 2276 philosophorum
294 2199 313 2260 li
333 2217 377 2260 ros
398 2201 444 2260 vel
457 2202 493 2261 de
511 2201 612 2272 ludu,
642 2199 687 2260 uel
700 2199 734 2258 de
750 2198 841 2258 morte
853 2197 917 2260 satis

38 2277 174 2336 accurate
186 2274 357 2352 legissemus,
378 2289 408 2336 ut
422 2277 625 2354 Theophrasti,
648 2275 828 2345 Xenocratis,
846 2275 919 2336 alio·

35 2369 125 2421 rum,
144 2370 216 2429 quos
229 2370 455 2422 commemorare
469 2353 537 2414 nihil
548 2355 661 2413 attinet:
682 2365 776 2412 tamen
790 2351 915 2412 hocnon

36 2427 109 2503 ideo
124 2429 303 2498 feceramus,
324 2430 403 2507 quod
424 2442 590 2491 eventurum
615 2442 800 2504 putaremus,
832 2439 863 2485 ut
883 2429 920 2492 iit

41 2504 105 2581 ipsis
119 2506 149 2564 in
163 2505 257 2565 nostro
271 2522 393 2573 rnoerore
412 2522 560 2567 uteremur.
599 2507 691 2582 itaque
711 2521 803 2582 neque
814 2501 917 2564 lediio'·

42 2599 112 2640 nem
129 2623 139 2652 ,
157 2592 294 2663 quantum
315 2581 500 2661 oportuisset,
519 2597 700 2650 accuratam,
728 2595 782 2640 nec
802 2597 916 2639 merno-
1002 2599 1006 2616 ,

44 2659 113 2716 riam
130 2656 191 2715 satis
205 2647 340 2720 infentam
355 2660 537 2721 adhibuimus.
574 2659 636 2717 casu
658 2655 751 2725 autem
762 2657 914 2746 'repentino

43 2733 180 2808 oppreffi,
199 2751 259 2792 non
273 2735 344 2810 prins
358 2735 392 2794 ad
403 2736 485 2797 libros
498 2735 650 2814 confugere
664 2734 824 2813 potuimus,
840 2735 913 2808 quur

42 2807 108 2876 ante
129 2810 281 2873 acerbitatis
302 2812 330 2869 vi
343 2811 582 2884 prostemeremur.
622 2807 793 2886 quatiquarn
814 2808 909 2885 postea

40 2886 171 2960 'tempore
197 2885 256 2962 ipso
281 2886 386 2953 sedium
413 2887 476 2959 est,
501 2901 533 2948 ut
553 2885 635 2950 dolor
659 2903 737 2968 nec,
764 2897 795 2944 ut
809 2897 908 2956 antea,

43 2965 150 3031 acrior,
170 2963 201 3022 lit
215 2981 294 3025 mens
307 2962 361 3040 ipsa
374 2965 464 3038 paullo
473 2962 538 3024 esset
548 2963 682 3032 sedatior,
701 2964 730 3020 ὅτ
745 2962 779 3021 ad
794 2961 912 3022 medici·

43 3056 109 3098 narn
124 3040 313 3114 accipiendam
334 3042 421 3115 magis
434 3039 544 3104 idonea.
581 3038 636 3099 Sed
657 3054 801 3116 pergarnus
818 3036 853 3100 ad
867 3054 912 3094 re-

44 3115 118 3190 liqua
136 3155 145 3182 ,
162 3133 226 3192 quae
242 3134 298 3187 nec¹
309 3116 395 3178 multa
409 3117 531 3186 restant,
550 3115 662 3176 &scitu
695 3131 728 3172 ac
745 3113 910 3188 cognitione
935 3121 938 3126 '

44 3191 209 3267 digniiiinra:
230 3193 321 3272 srudu
335 3205 429 3253 autern
444 3193 521 3268 ipso,
539 3209 626 3270 quern
646 3185 786 3270 praecipue
807 3189 910 3265 quaeri‘-

45 3285 123 3338 mus,
142 3271 261 3345 gratiora
274 3265 383 3339 sortasse
397 3273 428 3330 be
442 3269 576 3329 uberiora.
598 3265 675 3346 Quid
689 3265 728 3324 est
742 3282 809 3342 ergo
818 3266 914 3342 ,quod
1009 3305 1010 3314 η

46 3344 163 3420 aliquam
186 3345 266 3421 nobis
288 3345 385 3415 afferre
413 3347 614 3406 dubitationem
638 3341 743 3419 possit,
771 3359 819 3402 cur
845 3341 915 3406 nihil

49 3422 170 3498 omnino
181 3421 337 3496 unitorum
353 3436 446 3483 morte
459 3423 554 3484 dolere
568 3417 747 3494 debeamus?
765 3417 874 3486 credo,
893 3415 915 3478 ii

216 3523 221 3533 ’
279 3525 281 3530 ·
329 3501 398 3581 iss
403 3501 469 3580 sss
472 3503 537 3581 sss
543 3491 608 3581 sss
619 3515 638 3576 4
674 3505 677 3518 ’
722 3496 724 3503 ⁴
798 3483 915 3577 quintio
