2342 3892
242 139 355 256 4102„¹
422 139 941 240 M.Tur,nrr'01cren'orrrs

181 351 187 361 ⁴
242 283 356 357 quando
371 284 449 346 nobis
465 285 493 344 in
509 295 634 360 mentem
650 285 750 352 veirit,
771 300 902 358 magnam
926 301 978 342 nos
998 299 1033 342 ex
1061 300 1106 342 eo-
1134 251 1135 336 d

244 375 326 431 rum,
346 370 416 438 q'uos
431 359 588 425 amisimus}
617 377 701 435 opera
727 377 759 418 ac
780 360 870 429 studio
893 359 1037 419 utilitatem
1056 379 1108 440 pcr-

246 448 375 519 ccptutos
401 436 486 496 fuisse.
525 451 553 496 at
573 437 631 496 hoc
652 455 708 496 norr
727 435 765 494 ad
787 437 918 504 emitur,
939 450 987 494 aut
1006 437 1111 504 affines,

247 529 370 588 quorum
391 514 485 578 dolere
508 515 635 573 ridemur
656 515 792 584 interitu,
810 513 855 572 sed
880 512 914 570 ad
938 515 1113 589 nosmetipsos

248 592 406 664 pertinebit.
423 594 607 650 mercenarius
622 591 702 664 igitur
717 589 798 650 dolor
813 589 893 656 fuerit
910 630 919 656 ,
940 592 1045 667 quique
1061 607 1109 648 non

249 683 292 725 ex.
308 667 460 738 affinitate,
480 681 528 727 aut
548 667 736 727 benivolentia
753 708 762 735 ,
778 665 828 727 sed
846 683 880 722 ex
901 682 955 723 una
973 669 1112 742 proveniat

249 739 376 806 utilitate.
414 745 482 820 quid
501 755 595 803 auteur
617 741 771 818 flagittosrus
792 746 823 800 ὅτ
844 741 1006 816 indignius,
1035 724 1136 819 quiml

252 836 339 887 eum,
358 820 406 896 qui
426 820 462 878 src
477 821 593 888 doleat,
613 820 691 878 fateri
711 831 842 896 oportere
859 860 868 885 ,
888 817 948 878 cnm
973 831 1114 895 tantopere
1135 821 1136 874 l

252 895 367 971 alicujus
384 910 475 962 morte
490 893 650 964 crucietur,
670 895 747 970 quod
768 896 857 970 aliqua
874 895 986 966 utilitate
1001 899 1115 971 privatus
1135 885 1136 956 l

254 969 307 1042 fit,
326 971 428 1031 sinilril
441 991 475 1030 ex
490 974 547 1045 ejus
563 973 617 1032 rita
631 971 758 1034 beneficii
775 989 808 1030 ac
824 971 969 1030 commodi
983 971 1008 1032 se
1026 973 1116 1032 conse·
1135 984 1136 1000 ¹

254 1061 385 1108 (uturum
399 1046 569 1122 speravisset,
588 1050 654 1114 nilril
669 1047 714 1108 srbi
729 1049 849 1112 omnino
865 1047 1015 1108 dolendum
1032 1047 1116 1109 fuise?

251 1128 297 1201 'ffl
312 1125 480 1195 videamus,
500 1144 558 1184 non
582 1126 669 1184 Persas
686 1167 694 1192 ,
714 1139 766 1182 aut
783 1125 922 1200 Scythas,
941 1123 1016 1185 sede
1031 1125 1118 1184 medie

256 1202 369 1262 civitate
383 1199 474 1264 nostra
489 1202 646 1266 clarissimos
678 1203 708 1259 ὃ(
729 1201 960 1275 praestantiffimos
982 1203 1072 1278 viros,¹
1090 1219 1118 1260 ac

249 1279 351 1347 cives,
370 1278 418 1356 qui
432 1296 491 1338 non
505 1278 594 1337 modd
610 1279 787 1344 amicorum,
808 1295 874 1335 cum
889 1279 987 1354 quibus
1006 1279 1119 1354 conjun-

257 1352 375 1413 dliffimd
390 1355 513 1424 vixerant
548 1354 595 1433 sed
611 1357 692 1418 etiarn
707 1353 854 1414 liberorum
871 1398 879 1424 ,
901 1356 931 1412 &
951 1355 1060 1431 quidem
1075 1373 1119 1412 ca·
1136 1336 1137 1426 l

256 1431 424 1490 riffimorum
442 1473 451 1499 ,
470 1397 611 1493 intdritum
627 1433 661 1495 ita
682 1432 788 1496 sortirer
822 1434 851 1488 &
874 1429 1029 1490 constanter
1052 1427 1137 1505 tute-l

259 1519 342 1583 runt,
361 1520 392 1565 ut
406 1505 493 1565 causae
507 1507 574 1566 nihil
587 1507 619 1566 fit
636 1548 644 1574 ,
665 1508 730 1582 quin
754 1523 803 1574 eos
825 1506 1004 1580 superioribus
1019 1509 1118 1566 Graecr's
1136 1519 1137 1526 ’

258 1592 439 1659 comparare,
459 1598 541 1658 atquc
556 1586 639 1642 etiam
654 1587 790 1647 anteferre
804 1581 961 1650 debeamus.
981 1588 1115 1660 arquelro:

259 1658 454 1736 multomagis
474 1659 502 1721 iu
517 1661 565 1719 illis
580 1660 735 1718 mirandum
760 1661 857 1740 suerit,
878 1659 957 1736 quod
977 1663 1115 1722 incorum

164 1778 167 1785 ,
260 1737 341 1806 obitu
356 1733 553 1795 sesortiffimos
567 1737 597 1794 ἃ
611 1735 838 1796 constantilfimos
853 1737 1030 1812 praebuertrnt
1045 1781 1055 1808 ,
1080 1757 1116 1811 qu

252 1830 323 1875 ‘non
338 1807 427 1872 modo
448 1808 509 1894 ipfis
530 1813 683 1880 utiliffimi,
703 1809 722 1870 fi
743 1808 892 1882 vixissent,
911 1803 957 1873 sed
978 1805 1062 1892 paene
1082 1815 1119 1874 so'i

261 1889 343 1950 utiles
368 1907 400 1948 ac
417 1888 534 1968 iucundi
550 1887 603 1948 esse
619 1885 774 1964 potuissent.
813 1888 880 1966 quid
896 1891 972 1948 enim
989 1891 1080 1960 utilius
1094 1891 1118 1950 fi·

261 1963 325 2043 lio?
344 1965 412 2042 quid
428 1965 577 2040 jucundius
597 1967 681 2035 unico
698 1963 710 2038 ,Ρ
729 1965 757 2032 'at
778 1965 864 2036 filiurn
894 1967 925 2040 ὃς
951 1970 1069 2027 unicum
1087 1973 1120 2040 Q.

259 2041 375 2110 Fabius:
396 2056 527 2116 practerea
544 2042 740 2112 Consularem,
758 2043 875 2118 qui'jam
891 2045 1006 2120 magnas
1020 2063 1063 2106 res
1075 2046 1122 2128 ges·

260 2117 349 2189 serat,
369 2121 398 2180 &
413 2121 531 2194 majores
544 2118 699 2194 cogitabat,
718 2117 815 2181 amisit.
853 2137 947 2196 neque
966 2121 1056 2181 soldm
1073 2141 1119 2182 uon

260 2195 371 2266 doluit,
391 2195 468 2273 quod
482 2189 619 2264 fortissimi
641 2195 725 2254 animi
740 2196 807 2254 suit:
834 2195 880 2258 sed
902 2199 989 2257 etiam
1014 2197 1138 2258 m'orruu‘

262 2271 453 2332 laudationem
468 2270 497 2331 in
518 2271 582 2331 foro
597 2273 680 2331 dixit:
701 2290 758 2348 quo
781 2271 848 2330 nihil
869 2273 991 2342 fortius,
1013 2291 1062 2334 aut
1076 2279 1119 2335 lau-

261 2348 377 2410 dabilius
390 2366 427 2408 ne
440 2365 474 2406 ex
488 2347 693 2425 omniquidem
710 2349 870 2426 antiquitate
886 2351 1020 2418 recenseri
1038 2355 1121 2428 potes.

259 2426 341 2500 cujus
357 2427 512 2497 orationem
529 2427 589 2502 quis
604 2427 659 2484 non
676 2425 846 2496 admiretur,
866 2423 1003 2502 inignem
1021 2431 1122 2506 ingeni,

258 2501 377 2578 judicii,
395 2500 499 2562 ordinis
514 2500 686 2578 praestantis?
706 2521 763 2578 quo
779 2497 868 2572 prodo
883 2503 927 2571 ille
942 2506 989 2564 rel
1003 2523 1055 2575 ea,
1069 2525 1121 2582 quar

262 2578 352 2648 dixit,
371 2577 428 2638 sine
441 2577 516 2657 ludin
531 2578 640 2648 dicere,
659 2592 723 2647 aut,
743 2597 807 2652 quae
821 2578 939 2654 scripsit,
960 2581 1019 2639 stne
1033 2583 1122 2642 dolore

258 2657 387 2732 cogitare
397 2649 492 2732 potuit
506 2651 519 2717 ἓ
539 2653 603 2712 clrm
617 2655 772 2730 'praesertim
791 2654 854 2713 hoc'
867 2656 956 2715 inille
968 2657 1123 2719 'laudatione

258 2731 436 2813 &admirari
447 2773 465 2810 1,,
482 2731 511 2806 ,δι
532 2729 719 2806 obstupescere
739 2732 873 2794 soleamus
893 2775 903 2800 ,
930 2734 1011 2808 quod
1032 2754 1091 2795 non
1103 2755 1125 2794 u:

261 2809 329 2878 alii,
347 2809 383 2868 de
396 2806 552 2866 ceterorum
573 2807 737 2868 fortitudine
761 2809 898 2884 disputat,
926 2827 958 2868 ur
981 2811 1061 2884 suurn
1080 2815 1124 2890 ipse

264 2886 392 2947 dolorem
408 2883 523 2963 aliorum
538 2883 668 2963 exemplo
682 2887 804 2952 minuat,
823 2884 909 2944 sedin
931 2887 991 2946 filio
1007 2891 1123 2958 lraerens,

260 2964 331 3028 illius
352 2958 475 3024 maxime
496 2961 631 3028 virtutes,
658 2963 834 3037 propriasque
853 2959 973 3032 laudes,
1002 2983 1071 3041 quae
1088 2969 1121 3025 rel

260 3039 431 3103 acerbiorem
447 3034 556 3102 efficere
569 3037 671 3102 doloris
683 3035 788 3112 sensum
804 3051 948 3112 poterant,
968 3040 1123 3120 longislimo

246 3117 390 3184 vsermone
406 3112 580 3190 persequitur.
600 3111 678 3188 quod
692 3113 828 3190 singularis
843 3117 948 3187 virtutis
963 3123 1121 3198 exemplum

260 3188 371 3253 fortasse
382 3189 496 3266 Horatii
515 3181 622 3249 Pulvilli
641 3189 752 3259 laudem
775 3205 874 3267 magna
890 3208 924 3250 ex
946 3209 1026 3267 parte
1040 3198 1123 3256 demi·

260 3285 348 3337 nuere
362 3267 501 3326 videatur:
519 3284 607 3340 quem
629 3271 723 3342 tamen
737 3265 878 3328 summum
902 3267 997 3330 tirum
1020 3272 1120 3334 silentio

258 3344 400 3420 praeterire
421 3343 498 3401 nesas
512 3340 664 3410 ducimus,
685 3343 748 3402 cum
770 3345 799 3412 in
822 3345 937 3420 eoipso
953 3357 965 3417 ,·
983 3349 1061 3425 quod
1080 3351 1121 3410 filli

253 3431 382 3485 mortem
406 3418 560 3494 aequtffimo
588 3438 620 3480 ac
639 3419 789 3481 fortiffimo
812 3423 908 3482 animo
931 3421 1019 3494 tulit,
1039 3430 1119 3488 etiarn

255 3495 325 3584 lvd
345 3495 414 3585 9rt
427 3493 508 3584 lien
526 3496 607 3596 tritt
627 3496 719 3594 estu
746 3495 913 3596 stills»
943 3501 1119 3644 tellemrp

611 3594 618 3602 '
1057 3599 1117 3644 cte
