2342 3892
248 222 255 257 x
293 147 379 234 409⁶
477 142 531 211 M.
550 143 722 210 Tunnn
742 135 994 210 thaaonts

293 263 342 334 ni,
362 249 433 328 aut',
451 256 530 336 quod
548 251 634 332 ipsis,
660 251 691 320 fi,
702 255 793 314 minus
818 253 876 314 hnc
897 266 1023 332 tempore
1036 293 1045 322 ,
1058 248 1127 312 ialteu

293 338 388 414 paucis
403 333 462 410 pdst
475 333 553 394 annis
566 345 626 390 nun
642 343 806 390 eventurum
822 333 915 391 fuerit
952 349 1002 402 ae,
1019 329 1125 410 cunrat·

296 411 373 472 ximd
387 413 483 472 animo
498 411 591 484 vigere
606 407 757 478 deberent,
774 420 833 466 tunt
851 407 992 484 praecipui
1003 425 1056 468 non
1068 406 1124 463 idm

296 489 461 566 praeteritae,
481 486 633 561 patriaeque
647 485 775 554 virtutis,
807 483 853 544 sed
874 487 961 544 etiam
979 483 1124 544 humanaelt·

296 567 354 642 gis,
374 581 406 624 ac
419 561 501 641 paend
515 560 711 621 obliviscuntur
723 559 771 620 sui.
808 570 916 620 tantum
939 565 970 620 in
992 573 1123 621 corutum·

297 644 351 702 mis
366 643 494 700 mollities
507 638 610 715 potest,
631 655 663 694 ac
678 635 789 696 servitus
803 638 932 713 quaedam
950 637 1052 698 doletis
1074 647 1123 708 atqu

296 719 419 778 tristitiae.
458 719 506 776 An
528 731 591 792 ego*
605 713 681 772 illum
699 713 823 789 judicare
844 713 959 772 liberum
983 714 1089 790 possim,
1102 726 1123 764 u

295 793 379 854 dolor
394 790 529 870 imperat?
548 807 634 869 quem
655 793 813 865 repentinus
834 791 906 851 casus
926 793 1062 865 perturbat
1075 831 1082 858 ,
1096 788 1124 844 in

297 870 390 948 pellit,
409 865 530 929 evertit?
571 867 598 924 ui
614 866 681 925 nihil
696 884 752 942 ptae
767 865 870 927 doloris
894 868 1078 942 magnitudine
1102 879 1126 919 tt

296 948 402 1025 gitare,
423 946 491 1006 nihil
504 885 748 1020 meditariquett?
767 945 816 1020 qui
838 945 906 1004 nihil
930 945 957 1003 in
972 944 998 1003 fe
1012 943 1087 1021 ipso:
1114 955 1125 992 t

291 1024 468 1100 temporibus
493 1037 576 1098 atque
599 1020 773 1090 infortuna,
793 1037 858 1094 quae
873 1021 1018 1080 stabilitatis
1032 1018 1091 1078 nihil
1101 1018 1126 1098 it·

295 1097 361 1170 bet,
381 1100 427 1159 sua
458 1112 525 1158 nnat
539 1093 656 1156 omnia?
676 1113 730 1170 ego
746 1095 813 1156 vati)
830 1098 907 1157 istam
929 1115 988 1156 non
1003 1097 1085 1156 modo
1101 1107 1127 1148 n:-

295 1177 417 1236 vitutem
431 1117 477 1235 ἑὸ
492 1175 573 1251 paend
585 1173 772 1248 captivitatem
783 1176 829 1242 ,dt
844 1173 961 1250 quidem
974 1175 1128 1252 miserrimas.

295 1252 461 1313 censuerim.
497 1250 564 1328 quid
578 1249 654 1308 enim
669 1247 778 1308 interest
791 1250 864 1310 inter
877 1267 945 1312 eum
960 1291 970 1318 ,
996 1250 1040 1328 qui
1054 1250 1129 1307 vineta

294 1328 330 1388 ab
344 1329 520 1398 hostibus‚&
532 1325 683 1386 carceribus
697 1325 1130 1398 conclususmbtideatuntteun.

297 1406 348 1483 qui
363 1406 460 1467 dolore
475 1415 586 1480 captus,
605 1400 654 1460 suo
675 1399 781 1475 prnsus
801 1415 892 1463 careat
912 1400 1047 1463 arbitrio?
1065 1413 1088 1460 at
1107 1403 1130 1456 nt

297 1481 433 1560 quidem,
453 1480 501 1557 etfi
515 1495 634 1555 corpote
649 1476 767 1549 serviat,
786 1480 883 1540 animo
904 1492 1002 1540 tamen
1023 1478 1083 1538 libet
1099 1477 1130 1536 ei,

296 1575 353 1618 nec
365 1558 471 1618 dubitat
485 1553 633 1634 aliquando
648 1553 709 1613 iore
726 1597 735 1626 ,
761 1567 792 1614 ut
813 1555 967 1616 libertatem
997 1552 1130 1633 affequtn:

298 1635 349 1710 qui
370 1634 439 1695 τετὸ
460 1632 550 1694 dolori
571 1641 647 1706 paret
664 1671 672 1699 ‚
692 1649 745 1690 nec
765 1633 838 1692 valet
858 1649 1000 1708 corpore,
1019 1634 1048 1692 dt
1066 1637 1128 1690 anno

296 1709 384 1786 quim
408 1708 531 1773 maximd
551 1708 666 1767 laborat.
702 1726 762 1768 non
785 1711 862 1769 enim
881 1711 977 1769 amicis
999 1710 1073 1777 frui,
1093 1723 1126 1766 nn

295 1786 469 1876 Reipublicae
484 1783 625 1862 prodeffe,
645 1801 705 1844 non
719 1787 834 1862 privatas
849 1803 890 1846 tes
904 1803 1016 1858 curate,
1034 1803 1085 1845 non
1099 1801 1127 1858 pt·

296 1862 374 1924 blicis
387 1864 528 1924 consulere
541 1859 639 1938 potest.
651 1863 699 1932 ,ita
714 1863 743 1922 in
758 1863 837 1934 otio,
855 1864 887 1924 dt
904 1862 1019 1938 quidem
1034 1857 1130 1921 mnieiit

296 1937 389 2012 fimo,
408 1958 461 2000 nec
475 1941 604 2017 cuiquam
619 1951 713 2014 paret,
732 1940 762 1999 ὃ(
776 1951 871 2000 tamen
894 1939 943 1998 fibi
962 1958 1021 1999 non
1034 1941 1127 2014 impcn.

295 2017 347 2094 qui
368 2015 433 2076 cum
452 2016 558 2076 affiduit
591 2015 763 2093 &maximis
768 2029 918 2092 prematur
932 2015 1068 2091 angustiis,
1085 2016 1125 2071 ain

253 2128 256 2136 ·
293 2095 358 2152 ium
372 2090 426 2151 effe
440 2091 549 2152 neceffe
564 2089 625 2160 est,
644 2102 676 2152 ut
695 2091 827 2168 quamdiu
855 2094 883 2152 in
904 2091 1005 2152 dolore
1025 2091 1123 2151 veriam.

292 2167 403 2244 semper
417 2169 498 2228 miser
510 2167 558 2228 fit:
579 2166 693 2226 alterum
709 2167 768 2230 fieri
781 2167 858 2230 nullo
873 2167 963 2228 modo
977 2169 1083 2246 potest.
1099 2181 1122 2248 μ’,

291 2245 344 2305 nin
358 2244 453 2306 dolere
474 2245 603 2314 desinat,
629 2241 645 2302 i
669 2243 779 2306 miseriis
800 2247 946 2306 eximatur.
985 2249 1091 2322 Quanto
1104 2259 1123 2298 :t-

289 2318 410 2397 pientiiu
423 2323 607 2399 Xenophon,
628 2323 698 2396 qui,¹
718 2321 782 2381 cum
797 2322 870 2382 sacta
891 2322 1026 2382 solemnia
1045 2335 1123 2400 pengt·

289 2410 357 2468 tet„
375 2400 569 2476 majoremque
591 2408 658 2454 natu
679 2397 766 2458 filium
787 2397 817 2456 in
840 2398 938 2476 ptaelio
959 2398 1032 2475 apud
1053 2401 1122 2456 Mna·

287 2489 374 2535 neam
387 2474 513 2535 cecidisse
520 2473 644 2542 audiret,
662 2489 796 2535 coronam
813 2475 920 2534 tantum
935 2475 954 2535 d
967 2477 1057 2552 capite
1067 2473 1124 2546 dep·

289 2549 359 2623 suit,
380 2549 467 2612 sedin
481 2552 560 2612 sacris
574 2551 734 2626 peragendis
746 2551 900 2612 constanter
913 2553 1035 2628 perstitit.
1053 2551 1128 2618 abitt-t

289 2625 324 2685 td
349 2629 508 2703 cognovit.
528 2626 636 2686 fortiter
656 2639 825 2706 pugnantem
848 2627 1003 2700 occidite,
1023 2619 1128 2691 coronari

287 2702 377 2762 rursus
390 2704 473 2777 capiti
488 2703 635 2779 imposuit,
655 2705 779 2780 deosque
792 2704 878 2778 ipsos,
898 2707 997 2782 quibtu
1016 2705 1127 2764 litabam.

288 2777 400 2839 testatus
429 2780 490 2850 est,
510 2782 648 2856 majorem
670 2780 696 2839 se
719 2799 753 2840 ex
776 2779 825 2841 ffltt
841 2783 943 2842 virtute
965 2783 1127 2858 voluptatem

287 2853 376 2934 quim
390 2871 426 2914 tx
440 2857 517 2916 obitu
535 2855 686 2916 molestiam
703 2853 811 2932 cepisse.
847 2858 913 2921 huic
928 2875 982 2936 ego
1003 2877 1062 2920 non
1074 2857 1127 2926 duta

285 2934 387 3001 tarint,
406 2933 474 3007 quin
489 2935 584 2992 omnia
600 2974 609 3002 ,
627 2950 816 3010 quaecumque
843 2933 969 2995 accidere
994 2931 1095 3012 pudent
1110 2949 1125 2988 n

285 3008 363 3080 vita,
384 3009 485 3094 nuliam
504 3007 591 3069 effent
603 3010 837 3086 perturbationem
852 3011 971 3071 allatura.
1010 3013 1057 3087 qui
1074 3011 1108 3068 ent

285 3099 376 3160 usque
390 3083 426 3142 ed
441 3088 470 3144 in
486 3087 604 3146 deorum
619 3086 695 3146 cultu
712 3087 838 3148 constant
863 3089 893 3148 ἃ
912 3086 1008 3148 firmus
1022 3084 1097 3155 edet,
1110 3096 1126 3140 n

284 3175 381 3236 neque
394 3159 442 3221 tilii
457 3177 548 3222 mone
561 3163 685 3222 nuntiata
701 3204 710 3231 ,
736 3163 770 3222 ab
782 3164 813 3224 iis
828 3166 937 3226 avocati
951 3164 1062 3241 pudet,
1095 3175 1126 3218 cu

174 3271 184 3282 -
283 3247 352 3294 'eum
375 3235 486 3297 credam
509 3238 557 3298 filii
578 3253 671 3302 morte
685 3238 805 3315 lugenda
827 3239 843 3300 i
865 3239 984 3302 deorum
1006 3240 1126 3301 voluntat

282 3307 461 3372 diffensurum
479 3314 586 3395 fuiffe?
626 3328 674 3376 aut
693 3317 742 3390 qui
764 3317 894 3378 virtutem
913 3315 962 3378 filii
983 3319 1050 3378 vitae
1070 3327 1110 3374 ant

276 3384 380 3453 ferret·
398 3406 458 3449 uon
472 3393 531 3461 lure
545 3391 621 3452 credi
635 3392 732 3468 poffit,
751 3391 829 3454 illum
842 3395 874 3454 &
886 3395 992 3454 virtutis
1006 3392 1120 3453 studioin

279 3459 412 3536 ‘insuffla
431 3467 462 3528 &
475 3469 573 3545 panta
585 3469 697 3536 caritate
710 3469 876 3557 immitium.
894 3466 1125 3601 omnmmoldtiat

764 3583 768 3590 ·
1034 3560 1098 3608 omn
1124 3605 1125 3612 χ
