2342 3892
179 133 689 226 „cementario
821 139 909 226 'dmi

26 247 228 330 nosmetipsos,
239 247 305 321 five
320 249 396 324 vulgi
410 247 579 325 opinionem
590 251 766 326 cogitemus,
783 245 812 310 id
826 245 909 308 notu

26 327 85 388 fine
100 327 156 388 ulla-
167 327 342 388 dubitatione
355 325 516 386 faciendum
529 326 576 388 est.
610 340 639 386 at
655 367 664 395 ,
683 323 754 386 fiad
776 337 906 384 mortuos

26 405 98 481 ipsos
119 404 245 464 animum
266 403 467 473 traducamus,
493 402 545 480 qui
568 401 709 479 possumus
731 401 903 471 existimare,

26 496 137 558 gratum
151 482 201 540 illis
215 482 295 549 sore,
313 477 393 557 qnod
407 481 497 539 nimio
511 480 611 540 dolore
625 481 782 540 cruciemur
804 519 813 548 ,
833 495 906 554 prae-

26 555 201 636 sertimcimr
216 575 251 616 ex
266 574 304 616 eo
318 556 387 616 nihil
400 554 435 615 ad
449 556 510 616 illos
524 557 662 626 utilitatis,
681 555 726 616 sed
735 555 906 630 permultum

28 636 132 694 adnot
154 634 298 695 dedecoris
324 645 409 708 arque
430 633 610 697 incommodi
633 644 786 708 permanet.
813 629 905 704 *Quid
936 701 939 706 r

30 713 114 787 igitur
122 729 176 770 eos
189 711 261 788 ipsos
275 710 292 768 l
307 709 389 768 nobis
402 723 499 784 optare
524 722 608 785 atque
623 721 770 785 expetere,
792 707 907 768 arbitre-

28 785 298 855 muri‘nihilsand,
318 786 370 845 nifi
391 799 423 844 ut
451 803 502 845 eos
531 787 623 846 illustri
645 783 784 848 manarit
807 802 840 844 ac
860 801 904 845 re*

29 864 195 926 cordatione
209 863 383 922 decoremus.

109 951 193 998 Nema
206 960 250 1000 aaa
266 938 410 1016 hebreum
423 939 539 1012 deraret,

26 1017 196 1089 altEsslllusi
226 1084 229 1088 Α
341 1074 344 1079 ,
626 1058 651 1081 r·

110 1104 186 1163 cure
205 1092 269 1174 quia
283 1091 366 1152 volito
379 1091 574 1229 vivusgerora
596 1090 699 1152 virum.

26 1169 98 1305 quid
113 1171 195 1246 igitur
206 1169 245 1230 est
258 1169 365 1240 caurae,
402 1187 452 1230 cur
484 1183 563 1233 etum
599 1170 809 1248 lachrymaaque
823 1163 904 1231 re'cu·

37 1246 96 1306 et?
115 1249 248 1314 nimimm
264 1262 296 1305 ea
305 1247 415 1381 ἕψοῐίι,
432 1264 519 1324 quam
532 1247 559 1305 se
572 1247 664 1308 adhuc
677 1249 820 1308 viventem
836 1247 904 1308 alle·
964 1265 966 1270 ·

27 1337 130 1385 cutum
146 1319 207 1391 ¹effe
227 1322 304 1394 confi
324 1323 395 1384 ebat.
414 1324 533 1383 eandem
556 1324 639 1399 igitur
660 1323 698 1384 ob
719 1323 826 1386 causam
850 1343 905 1384 no·

27 1400 116 1460 strum
155 1418 250 1477 uoque
278 1399 383 1460 ludium
405 1402 521 1462 mortuis
535 1401 673 1477 ingratum
700 1400 906 1478 molestumque

27 1477 95 1544 fore
110 1477 125 1536 s
151 1480 295 1553 picemur,
314 1493 367 1538 nec
380 1477 453 1538 aliud
465 1495 518 1547 eos
531 1477 548 1536 a
562 1478 642 1538 nobis
656 1477 807 1556 quidquam
830 1477 909 1554 flagi·
972 1481 976 1486 “

26 1567 90 1614 tare
102 1555 267 1626 credamus,
284 1553 391 1631 quarn,
409 1569 441 1614 ut
454 1555 483 1619 id
498 1552 585 1630 ipsum
609 1553 658 1614 illis
676 1596 685 1623 ,
705 1570 764 1631 quo
778 1555 903 1618 maxime

27 1626 229 1703 delectamur,
240 1632 399 1691 tribuamus.
438 1632 502 1690 lraec
513 1643 608 1697 autem
624 1631 711 1706 gloria
726 1630 780 1698 est,
801 1632 831 1690 dc
844 1631 905 1692 alst.

28 1707 88 1767 dua
103 1708 215 1778 illorum
229 1707 337 1769 virtutis
350 1706 516 1785 recordatio.
549 1725 634 1784 quam
649 1707 668 1766 st
689 1707 818 1769 sermone
851 1709 910 1768 lau·

27 1782 204 1861 dationeque
217 1784 307 1844 nostra
321 1784 511 1844 immortalem
525 1785 635 1844 efficere
648 1784 729 1844 liceat
744 1825 753 1855 ,
774 1785 829 1843 hoc
845 1803 906 1846 uno

27 1866 67 1922 de
84 1861 202 1927 mortuis
214 1879 267 1933 nor
281 1861 327 1922 vel
341 1860 449 1937 optime
462 1860 577 1922 meritos
587 1861 742 1922 existimare
756 1857 908 1935 poliemus.

28 1937 131 2016 Quid,
148 1935 231 2016 qudd
243 1955 328 2006 eum,
347 1939 396 2016 qui
412 1938 452 1998 lic
462 1938 581 2009 doleat,
609 1950 640 1997 ut
653 1938 769 2004 recreari
803 1935 907 1996 confir·
977 1999 979 2003 ,

29 2016 163 2092 marique
175 2033 235 2074 non
248 2014 347 2090 poffir,
366 2033 403 2074 ne
416 2013 543 2075 divinum
558 2016 674 2093 quidem
690 2031 796 2074 numen
809 2013 908 2074 horre·

28 2113 82 2162 re,
101 2091 288 2167 sapientiliimi
300 2093 431 2152 homiues
441 2092 622 2168 prodiderunt
640 2093 653 2151 i
672 2093 790 2168 impium
812 2103 910 2153 autem

30 2172 92 2236 est,
110 2169 210 2246 quibua
224 2167 358 2227 debemus
373 2171 469 2228 omnia
485 2211 494 2236 ,
513 2171 546 2229 iis
564 2169 706 2246 peflimam
731 2169 831 2228 referre
847 2185 910 2244 gra·
996 2176 1011 2200 ⁸·
1031 2163 1036 2169 ’

30 2247 115 2307 tiam.
135 2242 233 2304 contra
248 2242 317 2303 vero
332 2287 342 2314 ,
359 2243 408 2320 qui
430 2243 557 2306 Deorum
582 2245 718 2306 voluntati
738 2257 912 2320 paruerunt,

32 2319 164 2396 nihilque
178 2320 224 2389 se,
242 2319 321 2398 quod
334 2320 372 2379 ab
383 2322 432 2380 illis
447 2320 520 2380 ultro
543 2321 674 2392 daretur,
702 2320 817 2382 molestd
839 2322 912 2382 ferro

30 2398 264 2466 declaraverunt,
284 2414 332 2456 eos
348 2415 408 2456 non
422 2396 510 2454 solum
525 2399 651 2456 viventes
672 2397 810 2474 praecipua
822 2396 913 2458 ‚laude
951 2409 955 2416 ¹

32 2475 150 2545 ornauit
161 2473 325 2549 antiquitas,
345 2471 402 2543 sed,
415 2473 500 2532 etiam
521 2471 536 2532 ὲ
559 2475 615 2533 rita
631 2471 754 2548 egreisos
775 2486 913 2549 perpetuo

32 2550 127 2614 coluit
139 2549 259 2613 honore.
277 2550 363 2627 idque
378 2545 415 2609 ed
429 2549 570 2608 studrofiur
596 2567 629 2610 ac
642 2551 786 2616 libentius,
806 2549 913 2627 srquue

31 2627 174 2692 intellexit
188 2643 255 2686 cum
269 2626 401 2685 Deorum
414 2625 491 2684 cuitu
505 2627 735 2686 exercitationem
750 2627 913 2695 vitreum&

35 2706 211 2784 praecipuam
225 2703 255 2763 in
268 2703 399 2764 mortales
411 2701 643 2773 beneficentiam,
663 2701 843 2778 conjunxiiie.
863 2703 914 2764 sci·

33 2784 66 2844 td
82 2779 234 2857 profesto,
253 2793 284 2840 ut
297 2793 389 2840 cetera
401 2777 493 2838 ferme
507 2781 613 2846 omnia.
639 2779 705 2855 quid
719 2783 795 2838 enim
812 2781 914 2854 majori

33 2850 279 2933 laudedignum,
291 2873 327 2915 ex
339 2857 473 2916 omnibus
485 2857 563 2936 rebus
583 2856 712 2916 humanis
731 2872 915 2916 commemo·
958 2911 961 2916 .
1028 2853 1030 2858 ’

33 2953 98 2997 rare
114 2935 263 3010 poffimua,
281 2934 367 3010 quim
382 2950 466 3002 eum,
486 2935 535 3010 qui
549 2933 635 3002 vitam
651 2922 734 2992 ducat
746 2948 811 2990 cum
829 2935 916 2991 virtu·

34 3027 66 3071 te
83 3010 282 3087 conjunctam,
321 3010 356 3070 ad
371 3010 501 3070 Deorum
516 3009 623 3070 cultum
650 3022 732 3086 arque
747 3009 887 3070 horrorem
903 3051 914 3079 ,

36 3099 207 3166 perpetuum
224 3090 255 3147 in
266 3089 398 3147 homines
411 3085 529 3147 rudium
551 3087 732 3162 mpietatem
748 3085 912 3218 aggrqqare?

34 3182 93 3226 nec
108 3163 261 3242 quidquam
276 3164 415 3224 tantulum
431 3163 521 3224 modd
536 3164 566 3223 in
588 3165 645 3240 ejus
665 3164 762 3222 animo
782 3163 826 3220 exi
850 3178 915 3234 ere,

37 3241 121 3318 quod
135 3258 194 3301 non
210 3240 256 3302 tel
269 3242 378 3318 pietati,
401 3241 448 3305 vel
462 3239 643 3308 humanitati,
665 3239 709 3298 vel
721 3239 786 3298 deni
807 3256 843 3298 ue
857 3241 915 3300 vir·

35 3319 92 3380 tuti
113 3315 147 3376 fit
169 3315 410 3381 consentaneum?
430 3318 494 3377 Nec
509 3316 592 3377 aliam
606 3313 669 3376 sane
685 3315 723 3374 ob
735 3256 841 3374 cauam
852 3332 916 3390 per·

34 3395 145 3457 turbari
157 3411 276 3456 omnem
291 3397 378 3455 vitam
402 3411 497 3455 errore
523 3392 684 3470 inscitiaque
700 3393 843 3461 videmur,
864 3392 915 3454 nist
999 3465 1001 3472 Ι

33 3472 142 3552 quod,
167 3487 234 3551 quat
253 3474 284 3534 in
303 3471 427 3537 hominia
447 3473 504 3536 rita
523 3472 664 3550 praecipua
685 3465 738 3532 effe
755 3469 917 3623 deberessitess

365 3733 384 3769 0

368 3777 387 3810 τ
