2342 3892
253 119 682 190 Consouartm
805 129 902 212 *mu

26 222 110 290 Utri·
131 222 219 301 angi,
238 223 413 302 distorquent
430 226 509 306 quod
522 223 708 288 inuonuulsis
722 217 832 282 funale
844 219 906 281 anta

26 299 163 360 malverii
190 314 277 380 atque
294 303 432 363 observari
444 302 545 380 potuin
583 303 691 377 inquo
714 311 776 358 tum
796 297 839 358 isti
855 295 905 358 ali·

26 376 95 451 quid
110 373 207 437 dixiffe
223 379 311 438 rideri
331 377 458 456 possent,
476 378 497 438 li
517 380 574 439 hoc
595 396 629 440 ex
643 375 702 454 ipso
716 374 813 434 mortis
827 374 905 441 seusa

25 443 171 526 penderet,
206 473 294 524 num,
312 455 424 516 fimors
437 455 492 532 ipsa
511 456 610 515 dolore
630 455 681 514 suo
695 463 794 530 corpus
816 465 905 528 usque

29 527 67 586 eb
88 531 223 590 cruciaret
250 545 335 609 atque
356 546 494 609 augeret.
515 546 546 592 ut
559 533 622 590 haee
643 529 747 590 doloris
767 527 849 586 edere
861 528 906 588 inf·

26 603 100 664 dicia
115 621 276 685 cogeretur:
296 612 389 683 negati
407 607 535 683 proferro
549 625 607 667 non
623 602 729 682 poffet,
743 606 810 682 quin
822 604 906 666 dolo*-

27 698 90 740 rem
108 700 168 742 uon
182 684 349 745 levissimum
363 703 437 744 mors
453 685 506 760 ipsa
521 681 587 743 esset
598 685 719 742 allatura.
746 679 818 740 cum
835 678 904 739 verb

25 749 192 834 huiusmodi
207 765 342 830 eruciatus
358 761 644 837 paucissimos-angat,
663 761 692 818 δι
707 776 756 818 eoa
769 755 905 826 maxime,

26 838 75 910 qui
84 837 315 912 intemperanter,
328 837 480 912 flagitiose,
494 837 601 898 nefarie
615 837 750 904 vixerint,
770 833 906 894 nuncdu⁴

27 912 109 970 brrari
124 931 182 972 non
196 917 284 990 potest
301 949 311 986 ,
329 918 398 991 quin
420 916 494 975 tales*
507 916 638 974 homiues
659 930 717 972 non
739 929 814 970 mors
829 950 840 980 .,
859 910 906 971 sed
970 907 974 922 ⁴

28 986 212 1060 admissorum
225 990 357 1061 scelerum
375 991 542 1052 conscientia
565 1004 651 1050 teret
675 991 830 1063 habeatque
851 986 907 1048 sol·

27 1065 136 1126 licitos.
175 1069 224 1141 qui
239 1069 315 1128 enim
330 1067 358 1127 se
373 1071 522 1129 morituros
540 1083 695 1143 numquam
717 1064 904 1133 crediderint,

26 1158 61 1200 ae
74 1161 114 1202 ue
129 1145 277 1220 cogitarim
290 1144 424 1222 quidem,
443 1141 507 1206 eltrn
522 1145 556 1206 ad
572 1145 656 1219 ipsam
673 1155 794 1202 mortem
810 1157 909 1215 perrea

27 1221 144 1288 nerirrt,
164 1233 326 1296 anguntur,
345 1238 404 1281 non
416 1220 527 1288 ,dolore
549 1219 706 1287 moriendi,
726 1217 772 1278 sed
794 1215 906 1294 qubdb

27 1298 87 1355 vita
105 1297 189 1356 inuiti
204 1297 353 1359 discedunt.
373 1301 402 1358 iu
425 1315 478 1373 qua
502 1297 565 1360 ebro
590 1299 686 1358 omnia
707 1296 823 1355 secunda
838 1294 907 1366 selif

26 1375 133 1450 eiaque
149 1374 363 1448 experirentur,
382 1393 419 1434 ne
440 1374 515 1436 secus
537 1379 654 1434 mortuis
673 1373 804 1440 accidat,
825 1370 907 1431 valde

28 1452 127 1510 bereri
151 1465 184 1508 ac
201 1449 326 1509 dubitate
345 1466 491 1527 coguntur.
530 1456 570 1512 At
583 1452 689 1518 bonis,
709 1452 758 1526 qui
782 1461 907 1508 mortem

27 1519 161 1600 semper,
179 1539 323 1602 tamquam
338 1528 479 1603 praeseutia
490 1527 658 1604 tempestatis
673 1537 784 1602 portum
796 1566 804 1593 ,
815 1527 843 1584 itt
858 1539 909 1584 ure

27 1622 65 1664 ae
81 1603 214 1662 sermone
228 1605 390 1675 habuerint,
428 1607 533 1682 quique
547 1623 582 1664 ex
595 1604 675 1664 lru'us
689 1605 755 1663 ritae
772 1601 909 1678 procellis,

27 1677 305 1766 prostituentium
325 1683 478 1758 aliquando
491 1682 603 1758 egredi,
621 1621 910 1756 tJaepiffimeconcupta
941 1693 943 1699 ⁴

22 1767 147 1825 verant,
165 1757 232 1816 nihil
250 1758 379 1818 libentius
403 1773 437 1817 ac
453 1759 603 1833 jucundius
626 1760 771 1821 mentione
798 1770 832 1814 ac
855 1773 911 1815 noa
987 1793 991 1807 ι

29 1835 117 1894 mine
131 1835 228 1893 mortis
242 1834 350 1895 accidit.
387 1834 484 1910 Atque
496 1837 524 1896 iu
537 1837 569 1895 iis
595 1837 679 1896 etiam
703 1834 828 1904 ptaesiaus
854 1832 914 1908 pta-2

28 1908 133 1986 ne'que
151 1901 344 1971 admirandum
365 1911 482 1971 deorum
504 1911 784 1988 munus-agnoscitne
823 1908 915 1970 bouoa

29 1990 115 2046 enim
131 2028 141 2057 ,
160 1987 318 2064 &quidem
342 1986 499 2064 plurimos.
520 2007 577 2053 nou
609 1987 699 2051 modb
720 2005 785 2048 cum
810 1987 914 2062 exiguo

29 2064 157 2135 dolore,
177 2077 208 2123 nt
230 2079 328 2140 optare
346 2067 476 2125 nominee
499 2064 584 2142 vulgi)
606 2066 694 2126 solent
715 2063 797 2133 ,sed
820 2065 914 2124 omnia

28 2131 121 2219 plane
139 2142 244 2202 doloris
255 2154 381 2217 expertes
395 2160 430 2202 ex
443 2144 496 2203 hac
506 2147 564 2204 vita
574 2139 707 2220 egressos,
726 2139 784 2200 fine
798 2140 852 2200 ulla
862 2142 914 2199 dat-”-

28 2220 176 2287 bitatione
207 2221 333 2295 reperias.
372 2221 524 2293 exquibus
551 2222 591 2296 Q.
612 2218 710 2278 Fabius
731 2217 915 2278 Consulatum

28 2297 173 2372 adeptus,
192 2293 256 2355 curn
272 2295 302 2354 in
315 2295 399 2355 Curia
410 2307 611 2370 praetereuntes
626 2295 766 2362 salutaret,
786 2293 917 2354 nihildo³

25 2371 112 2441 iens,
133 2372 203 2433 nihil
225 2372 333 2432 molesti
352 2371 496 2443 sentiens,
520 2371 614 2434 immb
630 2371 711 2447 plane
730 2371 877 2446 gaudens.
898 2369 916 2429 e

28 2455 96 2512 vita
111 2441 235 2531 discessit·
272 2461 357 2526 atque
369 2449 445 2508 idem
466 2451 582 2524 contigit
604 2449 641 2512 A.
662 2448 801 2524 Pompejo
818 2475 834 2517 ,·
848 2445 915 2508 cbm

30 2522 63 2607 iu
81 2525 151 2597 aede,
161 2525 240 2598 lovis
252 2526 404 2604 Capitolini
419 2525 492 2585 sacra
506 2521 615 2585 fecisset
623 2556 632 2593 t
650 2524 916 2598 itemqueThalrrae

32 2603 184 2670 Consuli,
211 2599 274 2662 D'iia
295 2603 499 2665 immortalibus
522 2602 692 2678 supplicanti.
729 2602 798 2675 quid
817 2603 870 2660 hos
885 2604 916 2665 irr

33 2683 100 2760 ipso
126 2679 227 2740 mortis
243 2679 358 2752 articulo
377 2679 483 2739 doloris
502 2690 632 2754 expertos
664 2676 832 2746 existimes,
866 2679 916 2752 qui

34 2757 138 2838 paullo
153 2755 219 2816 anrb
232 2757 289 2815 laeti
305 2757 454 2826 vivebant,
474 2757 547 2820 &iu
559 2773 614 2824 eo,
634 2771 694 2828 quo
712 2755 916 2824 moriebantur,

34 2835 153 2918 puncto
166 2834 318 2907 temporis,
337 2835 405 2892 nibil
418 2834 534 2909 lugubre
549 2833 636 2892 testati
650 2831 701 2890 srnt
715 2867 724 2900 ,
745 2829 813 2890 nihil
826 2831 918 2890 flebile

34 2910 193 2980 dixerint?
214 2905 326 2982 Morte,
346 2911 471 2987 inquiet,
490 2908 609 2984 oppreffi
621 2908 690 2968 sunt.
716 2919 744 2966 at
756 2907 916 2982 sapientissi-

37 2994 84 3056 mi
110 2991 140 3047 δι
164 2989 267 3066 optimi
287 2989 355 3047 uiri:
375 2989 475 3063 quibua
488 3000 638 3055 mortem,
657 2998 802 3059 tamquam
827 2987 919 3044 beatae·

36 3073 116 3132 vitae
129 3068 259 3135 initium,
277 3063 314 3124 dii
333 3064 506 3142 immortales
526 3063 618 3138 largiri
638 3062 795 3120 voluerunt.
833 3079 919 3136 quam

36 3167 80 3209 eo
97 3132 210 3202 sortaffe
220 3141 419 3220 jucundiorem
435 3139 496 3216 ipsas
513 3141 573 3198 sore
588 3137 738 3206 videbant,
757 3153 816 3214 quo
831 3140 931 3208 minua¹

37 3244 80 3286 eo
97 3234 229 3296 tempore
242 3232 352 3278 tautum
368 3216 438 3274 boni
451 3215 694 3292 exspoliaverant,
712 3231 746 3272 ac
759 3232 795 3274 ne
817 3213 926 3289 sperare

36 3297 163 3378 quidem
178 3309 317 3368 poterant.
354 3309 419 3370 natu
431 3292 509 3364 ¹turn
534 3301 610 3354 mors
630 3289 646 3350 ὲ
668 3291 763 3349 divina
779 3291 928 3352 voluntate

36 3391 108 3440 tota
125 3371 268 3448 pendeat,
289 3371 363 3432 baud
378 3365 442 3429 sane
456 3373 485 3429 iu
500 3370 623 3430 hominia
636 3365 770 3443 potestate
790 3365 844 3426 esse
865 3370 928 3442 posu

36 3447 102 3526 fit,
120 3467 182 3530 quo
197 3449 370 3526 potissimtrttt
383 3446 429 3522 <lie
437 3463 567 3524 ,quaque
579 3444 745 3504 conditione
759 3445 834 3510 mori
849 3447 927 3505 velit.

303 3580 307 3598 .
395 3529 692 3603 Galatarum
864 3521 929 3583 Nee
