2342 3892
274 155 708 229 oenum-arrd
840 183 921 252 4¹17

43 247 195 349 impotes
214 266 249 332 δέ
262 269 345 347 ptine
356 271 533 336 'itrrrnornlet
543 271 653 332 efficiat.
682 267 805 350 ¹Coenus
824 287 920 336 autern

43 349 137 423 *luit
154 347 213 413 effe
223 350 350 410 mortale.
367 368 423 410 nec
438 347 592 409 inmerito.
629 347 822 420 clamitent,
841 353 920 428 cujus

41 429 198 488 nutationi
213 427 334 502 nnjeea
352 441 449 489 natura
470 426 534 494 est,
558 426 668 486 initium
693 427 828 497 duxerit,
848 433 877 488 ὃ(
891 432 923 488 in

40 521 104 567 ,nin
129 505 215 577 ipram
234 545 243 572 ,
264 505 331 562 vltae
352 504 431 563 curin
451 502 609 572 confecto,
629 504 702 562 abire
722 504 830 564 debeat.
870 505 925 566 Sed

39 578 179 653 inimus,
202 579 341 656 profectus
357 579 373 637 l
389 583 471 646 Deo,
492 579 595 638 coelum
610 580 835 657 ipsumappetit:
857 600 923 642 narn

38 657 62 714 lr
81 675 158 715 eum
173 658 288 725 locum,
310 657 384 715 unde
397 655 528 724 discedit,
548 655 654 730 semper
669 671 747 730 optat
760 659 857 718 redire.
871 673 926 717 ter·

37 742 63 790 u
80 746 207 800 autem,
227 735 306 793 ficui
322 732 477 808 appetenda
494 773 503 800 ,
523 735 635 806 corpori
654 732 705 793 soli
726 733 771 794 ell.
810 733 922 794 atvero

36 813 146 868 animis
160 827 264 868 aererna
279 811 343 869 coeli
366 810 440 869 sedes
454 808 605 883 quaerenda
621 851 629 876 ‚
650 827 739 884 eaque
764 812 873 886 propria
882 813 937 872 ul„

36 904 137 946 orurn
153 890 257 961 patria:
278 886 414 961 fiquidenr
430 888 592 956 animorum
608 886 683 944 nulla
698 887 727 945 in
751 891 826 946 terris
843 890 936 964 origo*

35 965 166 1022 ,nveniri
181 963 279 1036 potest.
297 964 365 1022 nihil
378 965 457 1022 enim
471 963 510 1022 est
529 963 671 1021 inanimis
698 964 819 1024 mixtum
838 979 923 1041 atque

33 1053 229 1108 meretum,
248 1053 297 1101 aut
318 1041 396 1114 quod
425 1057 461 1098 ex
486 1053 558 1098 terra
578 1051 674 1098 natum
710 1051 794 1115 atque
818 1041 921 1114 *finum

32 1116 98 1174 elle
114 1115 251 1175 uideatur.
282 1115 359 1181 'nihil
372 1134 409 1176 ne
423 1127 471 1176 aut
486 1115 634 1176 humidum
647 1115 761 1192 quidem
778 1159 788 1184 ,
808 1130 855 1178 aut
874 1117 924 1176 tlu-

31 1195 116 1261 bile,
137 1207 187 1251 aut
199 1195 325 1267 igneum.
364 1194 407 1252 his
423 1193 499 1252 mim
508 1194 538 1251 in
552 1193 654 1251 naturis
666 1193 735 1252 nihil
748 1192 833 1262 inest.
844 1193 962 1294 quud&

30 1273 101 1330 vim
120 1270 288 1342 memoriae,
306 1270 432 1335 mentis,
451 1269 631 1345 cogitationis
656 1268 777 1328 habeut:
797 1269 973 1354 quodam&

28 1348 183 1421 praeterita
210 1357 306 1405 teneat
322 1389 332 1416 ,
350 1348 381 1404 δι
409 1348 500 1406 futura
514 1360 516 1374 ·
531 1343 681 1418 praevideat
698 1385 706 1413 .
727 1347 757 1404 δι
771 1340 952 1424 εοωρίεῶ“-

28 1424 128 1499 poffit
142 1421 295 1496 praesentia.
317 1440 383 1497 quae
395 1422 452 1481 sola
474 1421 569 1480 divina
583 1421 670 1491 sunt,
689 1423 742 1481 nec
763 1423 922 1484 invenietur

28 1514 183 1575 nmquam
201 1542 210 1569 ,
230 1500 304 1559 unde
312 1499 347 1557 ad
355 1501 503 1558 hominem
519 1500 616 1556 venire
623 1498 742 1573 poffint,
761 1497 925 1562 nililDeo.

26 1576 186 1650 fingularis
207 1576 243 1632 est
263 1578 346 1654 igitur
365 1577 495 1654 quaedam
518 1588 614 1634 natura
634 1588 718 1653 atque
745 1577 787 1635 vis
808 1579 923 1648 animi,

25 1651 168 1723 sejuncta
183 1652 273 1712 abhis
292 1653 397 1712 utitatis
414 1654 544 1728 notisque
565 1653 676 1712 naturis.
714 1652 755 1710 lta
782 1653 920 1729 quidquid
972 1689 977 1700 ι

23 1731 75 1788 est
93 1727 188 1796 illud,
208 1729 288 1805 qnod
302 1729 392 1803 sapit,
411 1730 491 1805 quod
505 1728 582 1794 vult,
603 1727 681 1804 quod
697 1730 792 1804 viget,
812 1729 923 1790 coeleste
979 1733 984 1760 l

29 1810 66 1864 ὃ(
84 1805 218 1864 divinum
233 1807 289 1874 est,
316 1808 489 1882 oleamque
504 1823 563 1864 retn
577 1819 713 1865 aeternum
734 1805 793 1874 sit,
811 1805 921 1868 uccelle
1034 1879 1036 1886 Ι

29 1883 86 1939 est.
129 1897 183 1940 nec
197 1882 266 1944 veri)
281 1883 361 1942 Deus
371 1882 443 1958 ipse,
464 1885 512 1958 qui
528 1881 688 1956 intelligitur
703 1880 720 1940 l
740 1883 845 1951 nobit,
865 1883 922 1949 alio

30 1957 134 2017 modo
147 1959 263 2034 intelligi
277 1959 383 2032 potest,
404 1959 454 2018 nifi
469 1975 548 2018 mens
562 1957 651 2018 soluta
664 1958 794 2035 quaedam
810 1959 840 2018 ἃ
852 1960 923 2020 libe·

28 2053 83 2104 ra,
106 2034 245 2112 segregata
259 2037 300 2094 ob
312 2038 393 2096 omni
409 2037 590 2096 concretione
605 2037 734 2106 mortali,
755 2035 920 2096 omniasen-

27 2116 112 2171 tiens
141 2113 171 2171 δι
195 2130 338 2182 motem,
357 2114 468 2189 ipsaque
489 2111 602 2198 praedita
625 2126 707 2172 motu
733 2111 790 2172 sein
812 2115 914 2173 itcrno.

30 2189 270 2338 lunzini
285 2202 469 2341 inum
486 2132 920 2340 untnnnllnt

274 2309 283 2336 ,
457 2307 466 2324 .

30 2358 128 2417 atque
142 2345 272 2417 operibus
286 2345 355 2401 nihil
369 2342 459 2409 aliud,
469 2342 519 2401 nili
536 2342 647 2403 diuinos
659 2339 713 2400 elle
725 2341 801 2411 illos,
811 2342 921 2416 &sern-

31 2423 191 2494 piretune,
212 2420 344 2494 colligere
358 2417 510 2493 polluimur.
548 2435 613 2476 narn
631 2417 650 2476 fi
667 2415 851 2478 aedificiorum
862 2437 922 2479 rna-

30 2494 217 2571 gnitndinern
244 2509 328 2572 atque
349 2511 496 2566 ornatum,
516 2493 921 2566 limonumentalitterarutn.

31 2574 55 2631 fi
75 2574 208 2646 pecuniae
223 2574 282 2630 uim
304 2573 441 2632 infinitam
461 2575 489 2632 in
504 2590 546 2631 res
566 2569 691 2630 maxime
704 2569 808 2630 stabiles
828 2577 857 2630 ὅ(
873 2575 922 2632 ud·

33 2646 182 2713 mirandas
211 2648 383 2717 effusam‚ii
411 2651 590 2723 plurimarum
616 2651 858 2725 maximarumque
878 2668 922 2708 re·
1029 2687 1034 2699 ‹
1140 2645 1150 2689 e'

34 2742 104 2783 rum
119 2725 301 2798 adeptionem
314 2729 435 2802 cogitare
450 2726 622 2785 uoluerimus
637 2768 645 2794 ‚
667 2723 795 2798 profecto
818 2727 921 2785 intelli-

34 2817 160 2876 gemus,
180 2802 243 2859 lraec
256 2819 414 2882 numquam
427 2804 564 2862 iacturum
580 2800 660 2861 fuiffe
675 2803 822 2868 hominem
840 2843 848 2870 ‚
869 2803 921 2863 nist

37 2879 255 2936 diuturnitatem
276 2882 433 2953 temporis,
458 2880 601 2956 ipsamque
629 2881 814 2938 aeternitatem
836 2879 922 2952 pluri·

37 2953 126 3013 muni
140 2954 174 3013 ad
188 2954 216 3013 se
230 2957 369 3029 pertinere
385 2955 562 3016 existimaret.
599 2955 661 3027 Jurn
684 2956 740 3031 ipsa
758 2955 856 3030 gloriae
873 2973 924 3015 cu=

38 3032 166 3106 piditas,
199 3034 341 3101 honorum
371 3033 450 3099 sitis,
477 3053 565 3108 opum
587 3050 619 3090 ac
639 3032 798 3092 divitiarum
820 3033 921 3094 affidna

37 3109 204 3181 procuratio
219 3151 227 3177 ‚
248 3110 316 3186 quid
330 3110 404 3169 aliud
418 3109 520 3169 indicat
536 3153 546 3178 ,
565 3108 616 3167 nili
631 3111 755 3184 cogitare
769 3109 920 3170 hominem

40 3186 70 3243 in
89 3185 248 3259 posterum.
267 3203 322 3246 nec
335 3188 438 3246 eodem
463 3186 592 3246 uescendi
625 3185 796 3260 vivendique
817 3185 921 3255 studio.

41 3276 104 3336 quo
120 3275 224 3321 ceteras
245 3266 402 3322 animantes
419 3264 484 3322 duci
506 3263 659 3331 videmus,
685 3264 842 3350 humanum
860 3265 920 3322 ani·

41 3355 123 3396 muni
151 3337 279 3399 detineri.
317 3341 371 3400 Sed
387 3343 450 3398 lraec
472 3340 622 3412 abiectiore
646 3351 732 3413 atque
751 3338 921 3410 humiliora,

41 3432 97 3472 nec
112 3413 189 3484 ullis,
208 3416 258 3474 nist
275 3418 340 3479 sanc
359 3416 476 3492 angustis
497 3431 605 3474 naturae
625 3415 774 3484 terminia,
794 3417 915 3474 circum·

38 3490 150 3567 scripta.
187 3493 326 3567 Quidilla
344 3495 374 3556 in
389 3493 484 3568 primia
503 3496 598 3566 gravia
631 3505 716 3567 atque
730 3492 916 3567 praellautia,

384 3577 453 3648 Gli
468 3589 532 3648 m
549 3588 608 3648 m
624 3585 684 3647 m
702 3586 721 3643 4
864 3585 926 3630 Μ·
