2342 3892
281 159 364 251 4098
466 158 520 228 M.
540 159 708 228 Tuutrr
728 159 979 227 Crcnnours

281 276 358 336 dent.
396 279 444 356 qui
459 276 523 336 clam
537 277 659 335 humana
676 261 804 352 despicit,
825 274 923 334 necad
938 271 1123 349 humilia,qurl

282 352 364 415 humi
378 351 531 431 depressus,
550 354 607 412 ullo
624 353 704 428 padio
720 350 902 410 adhaerescit:
933 351 1013 410 facile
1039 350 1067 409 fit
1085 393 1090 416 ,
1107 353 1130 406 tr'

284 431 424 491 uberiores
451 431 481 490 dt
509 432 672 488 maturiores
694 428 912 494 inhaeserat,
946 427 1011 487 curn
1035 428 1066 485 ad
1079 445 1122 482 ee:

285 507 372 566 ueluti
384 509 418 566 ad
433 524 527 583 agrurn
542 507 698 580 optimum,
720 505 840 571 cultura,
851 505 922 563 ratio
939 507 1024 564 etiam
1036 502 1123 563 accese-

284 584 337 652 rit,
357 585 601 658 conformatioque
616 583 759 642 dodrinae.
786 583 935 639 nonenim
953 619 963 650 ,
983 579 1056 639 sensu
1070 599 1118 638 ont

286 658 389 718 doloris
403 656 515 718 carnide
528 660 652 719 summos
664 659 746 716 'viros
762 699 771 726 ,
790 655 962 714 credendum
986 657 1031 716 eh.
1066 659 1114 732 qud

184 778 189 788 „
287 737 363 794 eninr
380 736 446 794 nihil
466 735 605 794 sentientis
625 736 737 800 animi,
762 733 892 807 sensuque
911 734 1022 809 prorsus
1043 751 1120 792 caten:¹

288 810 343 870 elie
370 812 505 871 fortitudo
525 807 678 886 potuisset?
700 809 752 868 Sed
780 809 907 867 dolorem
935 809 1095 878 sentientes,
1110 818 1131 878 tq

290 900 356 946 eurn
378 890 593 964 opprimendum
628 905 660 946 ac
696 885 865 944 vincendum
904 885 1045 944 summam
1070 883 1131 960 anit]

265 1017 269 1028 ,
291 967 503 1022 contentionem
518 965 698 1030 adhibebant,
718 975 885 1038 tantumque
899 963 1074 1031 nitebantur,
1091 979 1112 1019 ut
1123 965 1131 1030 :l

289 1057 383 1116 pugna
398 1039 566 1099 discederent
588 1041 746 1114 superiores:
785 1055 883 1096 verum
907 1041 982 1098 enirn
1005 1039 1074 1098 illud
1093 1035 1131 1095 el*

290 1115 396 1176 nullam
410 1118 506 1176 animo
520 1118 655 1190 majorem
672 1117 792 1190 pellem,
812 1133 867 1172 una
881 1116 1041 1174 remidiohe
1056 1159 1064 1184 ‚
1083 1112 1125 1189 prr'

291 1193 463 1268 contingere.
501 1193 582 1269 quisi
603 1195 722 1252 intentus
743 1193 780 1250 esi
796 1233 804 1262 ,
822 1191 906 1266 seque
927 1193 963 1250 ad
985 1192 1129 1250 resiliendu-

291 1281 387 1348 parat,
407 1271 504 1330 omnia
524 1269 631 1327 sustinet
652 1270 798 1344 pondera,
826 1271 922 1326 omnia
946 1267 994 1326 vel
1013 1268 1131 1326 firmillin.

294 1357 436 1405 tormenta
449 1345 529 1404 facile
549 1345 657 1414 discutit
671 1361 702 1403 ac
718 1345 843 1419 depellit:
863 1361 895 1402 ac
910 1345 1066 1404 remissione
1080 1363 1128 1402 ene:

293 1434 373 1481 vatus
399 1423 429 1480 δι
452 1423 651 1491 effaeminatus,
670 1421 706 1479 ita
722 1421 884 1496 deprimitur
918 1423 949 1479 δι
980 1375 1132 1540 urgetur,d

295 1495 324 1556 se
346 1497 380 1556 ad
400 1500 559 1574 aequitatem
591 1510 712 1574 nequeat
733 1497 873 1556 extollere.
912 1499 978 1558 Nec
1002 1498 1068 1557 vero
1087 1515 1127 1572 qu5

294 1589 382 1649 quarn
410 1574 512 1634 doloris
534 1576 671 1647 impetum
706 1575 833 1648 excipere
866 1591 899 1634 ac
928 1575 1040 1634 sortiter
1060 1569 1132 1648 penul

295 1645 402 1724 posset,
422 1650 468 1710 nist
490 1652 516 1710 se
536 1653 608 1725 priirs
630 1652 665 1710 ad
685 1650 867 1709 obsrllendum
900 1649 1132 1725 comparassent:

295 1726 490 1787 fortitudinem
504 1728 664 1804 acquirere,
682 1727 732 1786 nill
748 1725 819 1802 priira
833 1727 974 1808 doloribus
990 1729 1082 1786 multis
1089 1745 1132 1783 arr·

296 1800 370 1860 rimd
388 1821 421 1862 ac
443 1803 588 1863 sortiffime
605 1801 742 1862 rellitillet.
780 1821 815 1862 err
829 1819 887 1881 quo
910 1802 1085 1864 consuetudo
1102 1801 1130 1864 it,

296 1894 364 1953 quae
378 1879 477 1939 callum
492 1881 607 1939 obducit
621 1881 734 1945 animo,
753 1897 861 1956 nosque
882 1891 980 1940 contra
1003 1898 1098 1939 omnes
1112 1895 1130 1930 n

267 2011 270 2016 ,
296 1956 487 2026 naturae„vel
507 1957 628 2016 sottunae
648 1958 766 2031 impetus
787 1969 883 2015 armat.
922 1955 971 2014 An
1000 1958 1130 2015 censent,

298 2031 461 2108 Harpagum
497 2034 616 2092 Medum
648 2043 757 2092 tantum
791 2033 958 2094 fortitudinis
987 2033 1130 2109 exemplo.

299 2120 436 2183 quantum
450 2108 483 2168 ab
496 2108 648 2168 Herodoto
662 2109 808 2169 memoriae
823 2108 986 2168 mandatum
1002 2110 1042 2169 eli
1059 2153 1067 2180 ,
1085 2123 1133 2166 ees

301 2181 443 2259 potuisse,
463 2184 511 2244 nid
526 2186 597 2260 prius
612 2187 638 2244 in
655 2187 794 2260 patientiae
821 2203 855 2246 ac
875 2186 1046 2246 fortitudinis
1067 2201 1128 2244 ere*-

301 2261 409 2321 tatione
423 2259 565 2338 saeprffirne
579 2261 696 2320 versatus
712 2261 798 2321 esset?
817 2279 870 2323 nec
884 2261 942 2320 stne
962 2265 1090 2322 maximo
1107 2263 1130 2316 ir

304 2336 370 2406 eiu,
388 2355 543 2414 magnaque
555 2338 645 2414 potiiu
658 2355 724 2397 curn
739 2339 861 2398 nominis
879 2337 919 2397 sui
937 2337 1034 2414 gloria.
1062 2351 1129 2398 tanta

303 2414 564 2474 enimsortitudine
591 2430 623 2474 ac
663 2413 788 2475 rudentii
809 2413 953 2490 praeslitit,
979 2429 1011 2474 ut
1039 2417 1133 2475 aceri.-

303 2505 382 2548 mam
399 2490 524 2567 injuriam
541 2490 599 2550 fine
612 2432 669 2550 urs>
689 2490 768 2566 plane
789 2490 891 2551 doloris
910 2489 986 2550 sensu
1012 2493 1133 2568 perrnlrr¹

306 2567 337 2625 δι
351 2565 405 2625 sese
419 2566 557 2628 cumulate
570 2578 666 2627 contra
683 2569 764 2644 Regis
780 2568 985 2628 immanitatem
1008 2569 1097 2628 ulcisci
1113 2586 1133 2622 τλ

305 2643 396 2701 tuerit.
415 2659 498 2711 nam,
518 2643 583 2702 ciam
599 2645 656 2720 ejus
670 2642 756 2702 lilium
771 2643 832 2703 Rex
848 2644 980 2721 Astyages
994 2645 1132 2705 interieer

304 2718 342 2776 ad
357 2718 521 2794 epula‘ndum
537 2737 551 2776 a
572 2722 640 2795 poni
650 2718 778 2796 jussisset,
798 2731 937 2798 caputque
958 2723 983 2780 ei
997 2723 1059 2796 poll
1075 2739 1133 2780 cerr

306 2794 418 2853 allatum
433 2795 537 2854 ostendi
560 2810 606 2866 et,
626 2815 741 2872 rogans,
761 2798 837 2872 cujus
850 2799 919 2856 serae
933 2798 1030 2856 viscera
1051 2801 1080 2858 in
1096 2817 1125 2854 rr..

305 2870 333 2930 sa
351 2869 527 2930 comediliet:
548 2872 593 2931 ille
609 2874 678 2930 vero
691 2874 757 2932 nihil
772 2876 945 2948 perterritus,
962 2890 1013 2933 nec
1025 2878 1115 2934 anime

305 2946 364 3008 lam
380 2948 407 3005 in
424 2961 527 3020 partem
541 2948 651 3024 dejecto
661 2949 814 3026 ,agnosco,
829 2951 934 3027 inquit,
954 2945 1132 3028 q'uidsrtam

308 3041 342 3082 ac
357 3023 490 3100 quidquid
506 3025 575 3100 Regi
598 3024 721 3100 placuit,
748 3027 817 3084 mihi
844 3045 958 3104 quoque
977 3028 1090 3103 placere
1109 3045 1126 3100 pt

308 3100 420 3158 nuntio.
457 3101 513 3159 hoc
525 3116 619 3160 autern
632 3102 859 3162 immaniffimum
880 3121 965 3179 genua
986 3104 1098 3179 injuriae
1114 3119 1128 3158 rr

308 3174 502 3246 diffimulavit,
521 3179 616 3254 quoad
632 3181 737 3254 Cyrum
753 3195 788 3238 err
804 3180 892 3238 Persia
911 3182 940 3238 in
960 3179 1092 3240 Mediam
1106 3196 1133 3235 er

305 3267 373 3310 care
386 3253 494 3326 potuita
512 3271 570 3330 quo
585 3255 767 3324 adveniente,
787 3253 852 3315 edm
873 3257 1010 3318 exercitus
1024 3255 1131 3331 impera·

311 3341 409 3410 contra
422 3346 488 3387 eum
503 3329 520 3389 a
535 3332 613 3406 Rege
629 3329 719 3391 missus
734 3331 816 3402 esset,
829 3335 860 3392 δι
873 3333 1061 3409 Regnum&
1070 3335 1133 3406 neg:

309 3398 349 3485 alli
364 3403 483 3488 tradidit.
520 3407 614 3484 itaque
630 3405 761 3485 Astyages
774 3411 804 3469 in
824 3410 892 3484 Cyri
914 3411 1079 3486 potestatem
1097 3453 1104 3476 ,
1121 3411 1133 3464 i:

256 3535 259 3538 ,
305 3487 419 3550 pretato
438 3479 494 3542 suae
514 3499 613 3561 poenae
634 3483 767 3560 murus,
792 3484 917 3548 rediero
938 3487 986 3552 eli.
1023 3487 1055 3546 Ο
1076 3484 1133 3567 iada

351 3598 373 3609 ..
518 3611 522 3618 ,
732 3611 735 3618 ,
771 3570 776 3584 ·
801 3611 805 3616 .
1051 3577 1133 3624 omni:
