2342 3892
141 496 144 503 ·
245 521 248 524 ,
272 462 341 522 dum
356 463 560 532 existimarunt,
581 462 698 520 &suam
715 461 744 520 in
765 463 875 522 illorum
899 462 1047 522 funeribus
1070 481 1143 524 virtu·¹

277 127 360 218 4'104
461 125 515 192 M.
536 122 704 192 Tusurr
727 110 983 194 Crc'eruorrrs

273 233 341 309 quid
353 223 482 303 Pisones,
503 231 657 300 Scaevolas,
677 229 792 300 Brutos,
814 231 979 297 Marcellos,
1000 232 1130 296 Metellos

273 309 416 382 Lepidos,
437 309 563 370 Aufidios
577 305 763 368 enumerem?
778 326 901 384 quorum
917 307 1019 384 singuli
1032 311 1140 385 pluribus

273 386 374 445 amiffis
390 385 467 456 filiis,
486 386 531 444 rel
545 387 675 446 uxoribus
691 427 700 452 ,
720 385 764 442 vel
779 385 937 460 parentibus
954 428 964 454 ,
984 403 1042 446 nec
1057 388 1143 474 luges-l

271 550 330 596 tem
366 552 449 615 atque
472 540 655 598 constantiam
670 555 730 598 non
745 537 792 596 fibi
804 538 891 598 solirm
910 581 920 608 ,
941 538 991 598 sed
1007 542 1094 600 eriam
1104 560 1136 617 go

270 618 331 674 neri
363 618 530 696 nominiqqe
552 617 686 675 Romano
715 615 858 688 gloriosam
878 617 944 677 fore
968 630 1143 691 putatemus,

268 689 358 751 Pudet
372 694 400 753 in
417 696 541 752 virorum
557 687 716 768 gravissimis
730 691 832 750 casibus
846 694 1012 767 repetendis
1032 694 1137 770 longios

269 770 311 826 uti
326 772 470 839 oratione,
491 769 555 828 cum
572 772 695 828 virorum
713 767 993 844 maximepeculiatis
1008 771 1138 837 virtuslit,

269 846 300 901 ἃ
315 846 343 902 in
362 847 424 904 viris
446 847 598 906 efflorescat
618 841 653 904 ac‘
675 845 766 921 vigeat
788 846 919 905 maxime.
957 849 1138 924 quamobrem

269 919 306 979 de
319 922 439 982 faeminis
453 923 707 998 potiirsdicendum
724 921 785 990 est,
806 935 860 990 ut,
889 921 953 982 cirus
975 941 1029 982 eas
1046 925 1139 984 fortissi-

268 1014 329 1054 mos
342 998 420 1057 soille
441 1003 587 1077 cognitum
611 999 642 1058 lit
659 1042 668 1066 ,
687 1012 747 1058 turn
764 999 956 1074 pudeatviros
973 1043 983 1068 ,
1005 1000 1024 1059 ir
1041 1003 1139 1060 mulier·

268 1075 337 1132 culis
351 1077 457 1136 virtutis
471 1077 598 1148 exempla
614 1088 726 1151 petere,
747 1077 870 1136 &abiis
886 1093 919 1134 ea
937 1078 1067 1147 virtute,
1089 1097 1138 1154 qua

266 1150 387 1225 ipsorum
404 1155 511 1229 propria
529 1151 582 1212 esse
600 1153 714 1223 debeat,
735 1151 821 1211 videri
837 1153 994 1242 aliquando
1004 1153 1138 1230 superatos

266 1245 352 1296 nam,
371 1227 501 1289 livorum
517 1232 572 1297 eli,
592 1225 700 1306 quodi
717 1228 913 1305 Theophrasto
936 1231 1042 1292 alicubi
1058 1233 1137 1307 prodi·

265 1317 326 1362 tum
343 1309 490 1365 memoriae
506 1307 716 1375 mandarimus,
737 1307 834 1365 orbem
850 1319 991 1368 terrarum
1010 1310 1137 1368 theatrum

194 1399 198 1405 ·
263 1382 407 1458 quoddam
429 1381 643 1520 essefflagnum
661 1426 670 1452 ,
689 1383 781 1444 divina
811 1397 906 1442 mente
936 1386 1137 1460 repletum&

264 1459 380 1518 coelestis
395 1459 504 1519 indican
527 1478 551 1518 ae
567 1459 706 1536 sapientise
728 1459 812 1536 gratis
832 1473 890 1519 tam
907 1462 1008 1520 multis
1025 1463 1135 1538 undique

265 1535 464 1596 collucentibus
481 1539 651 1599 ornamentis
665 1535 823 1596 illustratum
839 1553 870 1594 ac
885 1537 1054 1613 depislum:
1074 1539 1100 1598 in
1107 1558 1132 1596 eo

265 1624 360 1670 autem
376 1615 477 1680 medio,
486 1613 638 1673 collocatos
656 1609 710 1672 esse
732 1613 863 1679 homines
885 1611 900 1670 it
926 1615 1014 1686 deo,
1034 1631 1066 1676 ut
1081 1633 1129 1673 tun

264 1689 394 1758 fortuna,
414 1691 537 1760 dolore,
552 1691 674 1760 morbis,
695 1689 830 1766 egestate,
843 1689 1012 1768 cafibusque
1027 1693 1130 1768 perotus

263 1767 298 1825 tis
310 1765 415 1829 affidue
425 1767 579 1827 sustentur:
600 1765 686 1828 deum
700 1765 768 1825 vero
783 1766 871 1848 ipsum
887 1809 896 1835 ,
915 1771 1130 1845 quantumque

263 1859 321 1924 que
336 1843 486 1919 pugnando
502 1841 609 1918 valeat,
629 1860 770 1921 quamque
786 1844 900 1903 viriliter
919 1847 1091 1908 sonitodtne
1102 1845 1130 1903 di·

265 1921 369 1989 trinitus
387 1933 501 1997 occepta
521 1934 638 1991 uratur,
665 1919 780 1996 desuper
799 1918 960 1995 aspeeure:
1004 1923 1085 1992 hoc,
1102 1923 1131 1980 io

263 2013 349 2072 quam
363 2041 376 2066 ,
401 1997 421 2054 st
443 2015 541 2057 rerum
564 1995 627 2068 cst,
646 1997 761 2058 dubitari
788 1995 916 2072 proferto
937 2017 1002 2058 non
1037 1999 1129 2076 potest,

261 2073 355 2155 quin,
368 2073 612 2150 quemadmodum
627 2091 664 2154 po
686 2072 742 2136 ulus
764 2073 910 2134 Romanus
931 2075 962 2136 in
983 2078 1129 2139 muneribus

261 2149 490 2226 publicisinvisos
502 2150 586 2222 babet
606 2152 649 2227 gia
672 2150 790 2220 'a't'otes,
811 2153 861 2228 qui
883 2153 965 2211 omni
990 2155 1083 2214 modo
1102 2155 1127 2210 ri·

262 2240 321 2287 tam
336 2229 484 2302 impetrare
498 2229 632 2302 cupiunt,
652 2229 728 2288 favet
741 2228 789 2294 iis,
811 2230 860 2304 qui
874 2229 993 2288 totitem
996 2243 1080 2306 ptum
1089 2231 1127 2306 eju

262 2304 470 2382 praeseferunt
486 2325 494 2364 ε
514 2305 611 2363 itidem
626 2303 663 2364 dii
678 2306 850 2366 immortales
865 2348 875 2375 ,
893 2304 914 2363 ii
935 2323 1013 2383 quos
1035 2326 1073 2367 ex
1093 2309 1127 2365 ho

260 2379 382 2447 minibus
395 2382 478 2440 nimis
492 2380 573 2441 anxie
587 2381 623 2442 de
636 2382 692 2440 vita
712 2380 841 2444 sollicitos
855 2423 864 2452 ,
892 2383 1014 2460 ejusque
1036 2385 1143 2468 exitunl

259 2456 444 2517 detressantes
457 2458 602 2533 aspiciant,
622 2459 654 2523 iis
668 2458 762 2534 aliquo
773 2459 862 2518 modo
875 2456 1075 2522 succenseant:
1095 2469 1143 2519 eos

207 2548 210 2552 ·
260 2533 331 2593 verb
347 2537 375 2592 dt
391 2552 468 2594 caros
481 2536 617 2602 habeant,
638 2537 669 2594 δι
682 2536 840 2594 muneribus
853 2535 1077 2614 prosequantur,
1095 2537 1130 2614 qui

259 2610 281 2673 st
296 2609 312 2670 ὲ
325 2613 380 2671 vita
395 2623 562 2670 revocentur
575 2609 643 2686 ipss,
663 2612 709 2670 vel
722 2612 783 2672 suos
798 2613 922 2676 revocari
937 2611 1075 2683 rideant,
1089 2615 1132 2673 ala·

260 2705 320 2756 cres
345 2687 459 2763 laetiqoe
480 2687 536 2748 deo
550 2701 682 2764 pareant,
702 2688 826 2764 nihilque
840 2699 988 2765 propterea
1012 2694 1079 2752 mali
1094 2691 1130 2749 srb'

259 2757 386 2832 accidisse
396 2764 532 2842 judicent.
549 2763 629 2841 quod
650 2763 670 2824 st
691 2766 818 2826 saeminas
840 2763 989 2839 praestitrffe
1012 2767 1132 2843 intelligi·

254 2856 339 2900 mus:
361 2859 409 2899 cur
423 2841 454 2917 iis
467 2842 662 2910 imbecilliores
688 2855 771 2918 atque
794 2841 960 2904 infirmiores
975 2843 1070 2906 videri
1093 2863 1131 2904 re

256 2919 311 2986 lint
324 2915 506 2994 ricilneqoe
519 2917 606 2978 solun
622 2936 706 2980 unam
719 2920 839 2995 aliquam
855 2917 1130 2988 &multisfaeminom

257 2995 305 3056 sed
319 3009 407 3065 totam
433 3007 546 3070 gentem
574 3013 609 3054 ac
622 2997 767 3056 notionem
785 3039 794 3066 ,
814 3009 844 3056 ut
867 2998 992 3060 marium,
1011 3001 1130 3065 virtute,

256 3069 296 3131 fic
310 3071 487 3130 foeminarum
504 3072 607 3132 eximia
621 3072 742 3148 quadam
758 3074 947 3150 magnitudine
960 3073 1055 3136 animi
1071 3093 1130 3150 prae·

255 3144 349 3207 ilitilse
370 3150 536 3222 accepimus.
578 3151 711 3212 tectonas
732 3151 808 3212 onim
839 3163 978 3211 matronas
1003 3152 1128 3212 tradituro

256 3223 312 3289 eli,
333 3224 428 3284 occifis
451 3223 511 3284 filiis
535 3227 649 3288 vulnera
663 3225 802 3302 ‘inspicere
824 3225 1004 3292 consuevisse.
1045 3227 1128 3296 sc‚fi

148 3356 151 3363 ,
255 3298 382 3359 adversos
399 3300 558 3362 vulneratos
573 3301 628 3362 esse
643 3301 855 3382 competissent,
875 3301 1129 3374 letabundassunus

254 3373 382 3444 ducere,
403 3395 509 3456 eosque
529 3381 558 3440 in
580 3381 656 3440 avita
676 3380 796 3458 sepulcra
820 3383 922 3444 inserte
944 3379 1036 3446 solitas
1057 3381 1128 3441 esse:

254 3449 353 3583 Μ
365 3451 452 3527 “1⁶2
472 3473 545 3536 quos
558 3455 678 3526 ²dV01fi⁵
692 3457 848 3540 vulneribus
863 3457 989 3544 consilo
1003 3458 1131 3610 agansqtq
