<?xml version="1.0" encoding="UTF-8"?>
<!DOCTYPE html PUBLIC "-//W3C//DTD XHTML 1.0 Transitional//EN"
    "http://www.w3.org/TR/xhtml1/DTD/xhtml1-transitional.dtd">
<html xmlns="http://www.w3.org/1999/xhtml" xml:lang="en" lang="en">
 <head>
  <title>
</title>
<meta http-equiv="Content-Type" content="text/html;charset=utf-8" />
  <meta name='ocr-system' content='tesseract 3.04.00' />
  <meta name='ocr-capabilities' content='ocr_page ocr_carea ocr_par ocr_line ocrx_word'/>
</head>
<body>
  <div class='ocr_page' id='page_1' title='image "./marcitulliicice02grongoog_0778.png"; bbox 0 0 2342 3892; ppageno 0'>
   <div class='ocr_carea' id='block_1_1' title="bbox 321 44 1124 190">
    <p class='ocr_par' dir='ltr' id='par_1_1' title="bbox 321 44 1124 190">
     <span class='ocr_line' id='line_1_1' title="bbox 321 44 1124 190; baseline -0.016 -8"><span class='ocrx_word' id='word_1_1' title='bbox 321 119 430 190; x_wconf 74' lang='lat'>:4⁰94</span> <span class='ocrx_word' id='word_1_2' title='bbox 531 101 583 173; x_wconf 90' lang='lat' dir='ltr'>M.</span> <span class='ocrx_word' id='word_1_3' title='bbox 605 44 1124 174; x_wconf 41' lang='lat' dir='ltr'>inimiciciam?</span> 
     </span>
    </p>
   </div>
   <div class='ocr_carea' id='block_1_2' title="bbox 261 202 1124 3050">
    <p class='ocr_par' dir='ltr' id='par_1_2' title="bbox 261 202 1124 1360">
     <span class='ocr_line' id='line_1_2' title="bbox 261 202 1124 290; baseline -0.007 -14"><span class='ocrx_word' id='word_1_4' title='bbox 261 202 266 214; x_wconf 51' lang='grc'><em>“</em></span> <span class='ocrx_word' id='word_1_5' title='bbox 334 216 382 277; x_wconf 79' lang='lat' dir='ltr'>,ris</span> <span class='ocrx_word' id='word_1_6' title='bbox 394 210 502 278; x_wconf 73' lang='lat' dir='ltr'>caulam</span> <span class='ocrx_word' id='word_1_7' title='bbox 515 212 654 278; x_wconf 81' lang='lat' dir='ltr'>exsistere:</span> <span class='ocrx_word' id='word_1_8' title='bbox 675 226 703 276; x_wconf 86' lang='lat' dir='ltr'>ar</span> <span class='ocrx_word' id='word_1_9' title='bbox 717 255 727 283; x_wconf 91' lang='lat'><strong>‚</strong></span> <span class='ocrx_word' id='word_1_10' title='bbox 747 211 767 272; x_wconf 89' lang='lat' dir='ltr'>li</span> <span class='ocrx_word' id='word_1_11' title='bbox 781 213 896 289; x_wconf 71' lang='lat' dir='ltr'>vigeat,</span> <span class='ocrx_word' id='word_1_12' title='bbox 925 229 1042 290; x_wconf 66' lang='lat' dir='ltr'>torpere</span> <span class='ocrx_word' id='word_1_13' title='bbox 1052 209 1124 270; x_wconf 84' lang='lat' dir='ltr'>-lolut</span> 
     </span>
     <span class='ocr_line' id='line_1_3' title="bbox 346 285 1122 366; baseline -0.012 -12"><span class='ocrx_word' id='word_1_14' title='bbox 346 292 430 364; x_wconf 75' lang='lat' dir='ltr'>liber,</span> <span class='ocrx_word' id='word_1_15' title='bbox 450 285 516 366; x_wconf 73' lang='lat' dir='ltr'>q&#39;uid</span> <span class='ocrx_word' id='word_1_16' title='bbox 527 292 586 366; x_wconf 86' lang='lat' dir='ltr'>jam</span> <span class='ocrx_word' id='word_1_17' title='bbox 600 291 643 351; x_wconf 90' lang='lat' dir='ltr'>illa</span> <span class='ocrx_word' id='word_1_18' title='bbox 656 291 847 364; x_wconf 73' lang='lat' dir='ltr'>vitabearius,</span> <span class='ocrx_word' id='word_1_19' title='bbox 866 287 935 366; x_wconf 88' lang='lat' dir='ltr'>q&#39;uid</span> <span class='ocrx_word' id='word_1_20' title='bbox 953 285 1090 358; x_wconf 81' lang='lat' dir='ltr'>divinius?</span> <span class='ocrx_word' id='word_1_21' title='bbox 1109 307 1122 345; x_wconf 86' lang='lat' dir='ltr'>e</span> 
     </span>
     <span class='ocr_line' id='line_1_4' title="bbox 346 359 1123 441; baseline -0.008 -13"><span class='ocrx_word' id='word_1_22' title='bbox 346 371 468 428; x_wconf 81' lang='lat' dir='ltr'>maxima</span> <span class='ocrx_word' id='word_1_23' title='bbox 494 369 525 425; x_wconf 76' lang='grc' dir='ltr'>δι</span> <span class='ocrx_word' id='word_1_24' title='bbox 551 367 687 429; x_wconf 87' lang='lat' dir='ltr'>vetillima</span> <span class='ocrx_word' id='word_1_25' title='bbox 707 367 811 441; x_wconf 75' lang='lat' dir='ltr'>laetitiae</span> <span class='ocrx_word' id='word_1_26' title='bbox 852 383 885 424; x_wconf 86' lang='lat' dir='ltr'>ac</span> <span class='ocrx_word' id='word_1_27' title='bbox 915 359 1065 440; x_wconf 83' lang='lat' dir='ltr'>voluptaris</span> <span class='ocrx_word' id='word_1_28' title='bbox 1089 383 1123 422; x_wconf 66' lang='lat' dir='ltr'>eti</span> 
     </span>
     <span class='ocr_line' id='line_1_5' title="bbox 344 441 1124 519; baseline -0.008 -15"><span class='ocrx_word' id='word_1_29' title='bbox 344 445 464 504; x_wconf 88' lang='lat' dir='ltr'>occaiio.</span> <span class='ocrx_word' id='word_1_30' title='bbox 483 443 578 519; x_wconf 84' lang='lat' dir='ltr'>Iraque</span> <span class='ocrx_word' id='word_1_31' title='bbox 592 444 660 504; x_wconf 84' lang='lat' dir='ltr'>nihil</span> <span class='ocrx_word' id='word_1_32' title='bbox 670 445 729 518; x_wconf 80' lang='lat' dir='ltr'>jam</span> <span class='ocrx_word' id='word_1_33' title='bbox 742 444 820 502; x_wconf 84' lang='lat' dir='ltr'>restat</span> <span class='ocrx_word' id='word_1_34' title='bbox 835 483 843 512; x_wconf 91' lang='lat'>,</span> <span class='ocrx_word' id='word_1_35' title='bbox 863 460 924 517; x_wconf 88' lang='lat' dir='ltr'>quo</span> <span class='ocrx_word' id='word_1_36' title='bbox 939 441 1031 503; x_wconf 71' lang='lat' dir='ltr'>minis</span> <span class='ocrx_word' id='word_1_37' title='bbox 1047 485 1056 511; x_wconf 92' lang='lat'>,</span> <span class='ocrx_word' id='word_1_38' title='bbox 1075 443 1124 516; x_wconf 84' lang='lat' dir='ltr'>opti</span> 
     </span>
     <span class='ocr_line' id='line_1_6' title="bbox 344 517 1121 594; baseline -0.008 -15"><span class='ocrx_word' id='word_1_39' title='bbox 344 519 400 580; x_wconf 85' lang='lat' dir='ltr'>elie</span> <span class='ocrx_word' id='word_1_40' title='bbox 415 534 555 590; x_wconf 89' lang='lat' dir='ltr'>mortem,</span> <span class='ocrx_word' id='word_1_41' title='bbox 574 519 640 583; x_wconf 70' lang='lat' dir='ltr'>vere</span> <span class='ocrx_word' id='word_1_42' title='bbox 653 521 787 580; x_wconf 84' lang='lat' dir='ltr'>affirmare</span> <span class='ocrx_word' id='word_1_43' title='bbox 802 517 931 594; x_wconf 80' lang='lat' dir='ltr'>pellimus</span> <span class='ocrx_word' id='word_1_44' title='bbox 950 561 960 585; x_wconf 93' lang='lat'>,</span> <span class='ocrx_word' id='word_1_45' title='bbox 981 530 1121 594; x_wconf 84' lang='lat' dir='ltr'>rantumqu</span> 
     </span>
     <span class='ocr_line' id='line_1_7' title="bbox 331 594 1123 672; baseline -0.008 -16"><span class='ocrx_word' id='word_1_46' title='bbox 331 595 417 668; x_wconf 78' lang='lat' dir='ltr'>elle,</span> <span class='ocrx_word' id='word_1_47' title='bbox 435 611 483 665; x_wconf 91' lang='lat' dir='ltr'>ut,</span> <span class='ocrx_word' id='word_1_48' title='bbox 502 594 567 656; x_wconf 75' lang='lat' dir='ltr'>clm</span> <span class='ocrx_word' id='word_1_49' title='bbox 582 595 673 664; x_wconf 86' lang='lat' dir='ltr'>adest,</span> <span class='ocrx_word' id='word_1_50' title='bbox 686 596 805 656; x_wconf 89' lang='lat' dir='ltr'>dolenda</span> <span class='ocrx_word' id='word_1_51' title='bbox 813 594 867 670; x_wconf 64' lang='lat' dir='ltr'>fit,</span> <span class='ocrx_word' id='word_1_52' title='bbox 886 608 918 654; x_wconf 87' lang='lat' dir='ltr'>ut</span> <span class='ocrx_word' id='word_1_53' title='bbox 930 613 1091 672; x_wconf 87' lang='lat' dir='ltr'><strong>numquam</strong></span> <span class='ocrx_word' id='word_1_54' title='bbox 1104 595 1123 652; x_wconf 82' lang='lat' dir='ltr'>it</span> 
     </span>
     <span class='ocr_line' id='line_1_8' title="bbox 344 659 1120 749; baseline -0.005 -16"><span class='ocrx_word' id='word_1_55' title='bbox 344 674 397 744; x_wconf 91' lang='lat' dir='ltr'>da,</span> <span class='ocrx_word' id='word_1_56' title='bbox 415 674 487 749; x_wconf 87' lang='lat' dir='ltr'>saepe</span> <span class='ocrx_word' id='word_1_57' title='bbox 508 675 592 733; x_wconf 87' lang='lat' dir='ltr'>etiam</span> <span class='ocrx_word' id='word_1_58' title='bbox 613 673 733 748; x_wconf 80' lang='lat' dir='ltr'>optanda</span> <span class='ocrx_word' id='word_1_59' title='bbox 753 659 884 731; x_wconf 82' lang='lat' dir='ltr'>videatur.</span> <span class='ocrx_word' id='word_1_60' title='bbox 923 683 1014 748; x_wconf 87' lang='lat' dir='ltr'>atque</span> <span class='ocrx_word' id='word_1_61' title='bbox 1043 690 1079 732; x_wconf 86' lang='lat' dir='ltr'>eo</span> <span class='ocrx_word' id='word_1_62' title='bbox 1099 689 1120 729; x_wconf 86' lang='lat' dir='ltr'>rn</span> 
     </span>
     <span class='ocr_line' id='line_1_9' title="bbox 344 747 1123 826; baseline -0.004 -19"><span class='ocrx_word' id='word_1_63' title='bbox 344 768 404 826; x_wconf 87' lang='lat' dir='ltr'>quo</span> <span class='ocrx_word' id='word_1_64' title='bbox 416 751 556 810; x_wconf 84' lang='lat' dir='ltr'>diutiusin</span> <span class='ocrx_word' id='word_1_65' title='bbox 572 749 627 808; x_wconf 87' lang='lat' dir='ltr'>vira</span> <span class='ocrx_word' id='word_1_66' title='bbox 641 750 730 816; x_wconf 81' lang='lat' dir='ltr'>homo</span> <span class='ocrx_word' id='word_1_67' title='bbox 752 747 936 824; x_wconf 79' lang='lat' dir='ltr'>permanserit.</span> <span class='ocrx_word' id='word_1_68' title='bbox 976 765 1048 806; x_wconf 87' lang='lat' dir='ltr'>nam</span> <span class='ocrx_word' id='word_1_69' title='bbox 1067 792 1076 820; x_wconf 88' lang='lat'>‚</span> <span class='ocrx_word' id='word_1_70' title='bbox 1094 748 1123 806; x_wconf 85' lang='lat' dir='ltr'>ci</span> 
     </span>
     <span class='ocr_line' id='line_1_10' title="bbox 342 823 1123 904; baseline -0.005 -18"><span class='ocrx_word' id='word_1_71' title='bbox 342 827 439 892; x_wconf 88' lang='lat' dir='ltr'>bonis,</span> <span class='ocrx_word' id='word_1_72' title='bbox 457 844 523 902; x_wconf 81' lang='lat' dir='ltr'>quae</span> <span class='ocrx_word' id='word_1_73' title='bbox 536 823 635 886; x_wconf 84' lang='lat' dir='ltr'>afferre</span> <span class='ocrx_word' id='word_1_74' title='bbox 648 827 705 904; x_wconf 85' lang='lat' dir='ltr'>vita</span> <span class='ocrx_word' id='word_1_75' title='bbox 718 824 823 900; x_wconf 87' lang='lat' dir='ltr'>potest,</span> <span class='ocrx_word' id='word_1_76' title='bbox 841 824 926 883; x_wconf 85' lang='lat' dir='ltr'>satiari</span> <span class='ocrx_word' id='word_1_77' title='bbox 940 825 1063 899; x_wconf 87' lang='lat' dir='ltr'>coeperit</span> <span class='ocrx_word' id='word_1_78' title='bbox 1078 869 1087 896; x_wconf 88' lang='lat'>,</span> <span class='ocrx_word' id='word_1_79' title='bbox 1102 839 1123 882; x_wconf 80' lang='lat' dir='ltr'>tr</span> 
     </span>
     <span class='ocr_line' id='line_1_11' title="bbox 285 899 1124 969; baseline -0.01 -7"><span class='ocrx_word' id='word_1_80' title='bbox 285 911 288 917; x_wconf 85' lang='lat'>&#39;</span> <span class='ocrx_word' id='word_1_81' title='bbox 342 903 471 963; x_wconf 87' lang='lat' dir='ltr'>humanis</span> <span class='ocrx_word' id='word_1_82' title='bbox 485 903 613 961; x_wconf 83' lang='lat' dir='ltr'>molestiis</span> <span class='ocrx_word' id='word_1_83' title='bbox 627 901 770 969; x_wconf 86' lang='lat' dir='ltr'>secedens,</span> <span class='ocrx_word' id='word_1_84' title='bbox 791 904 820 960; x_wconf 86' lang='lat' dir='ltr'>in</span> <span class='ocrx_word' id='word_1_85' title='bbox 836 899 1019 961; x_wconf 85' lang='lat' dir='ltr'>beatillirnam</span> <span class='ocrx_word' id='word_1_86' title='bbox 1034 901 1124 960; x_wconf 72' lang='lat' dir='ltr'>viram&lt;</span> 
     </span>
     <span class='ocr_line' id='line_1_12' title="bbox 331 977 1124 1055; baseline -0.009 -16"><span class='ocrx_word' id='word_1_87' title='bbox 331 981 478 1055; x_wconf 77' lang='lat' dir='ltr'>¹migrabit.</span> <span class='ocrx_word' id='word_1_88' title='bbox 494 979 666 1044; x_wconf 81' lang='lat' dir='ltr'>,nonenim</span> <span class='ocrx_word' id='word_1_89' title='bbox 687 978 709 1037; x_wconf 82' lang='lat' dir='ltr'>is</span> <span class='ocrx_word' id='word_1_90' title='bbox 731 995 786 1054; x_wconf 81' lang='lat' dir='ltr'>ego</span> <span class='ocrx_word' id='word_1_91' title='bbox 807 978 893 1048; x_wconf 88' lang='lat' dir='ltr'>sum,</span> <span class='ocrx_word' id='word_1_92' title='bbox 912 980 963 1054; x_wconf 90' lang='lat' dir='ltr'>qui</span> <span class='ocrx_word' id='word_1_93' title='bbox 982 977 1124 1038; x_wconf 55' lang='lat' dir='ltr'>animum}</span> 
     </span>
     <span class='ocr_line' id='line_1_13' title="bbox 342 1054 1124 1130; baseline -0.008 -16"><span class='ocrx_word' id='word_1_94' title='bbox 342 1073 408 1116; x_wconf 89' lang='lat' dir='ltr'>curn</span> <span class='ocrx_word' id='word_1_95' title='bbox 423 1056 540 1116; x_wconf 87' lang='lat' dir='ltr'>homine</span> <span class='ocrx_word' id='word_1_96' title='bbox 554 1054 664 1114; x_wconf 87' lang='lat' dir='ltr'>interire</span> <span class='ocrx_word' id='word_1_97' title='bbox 678 1065 794 1130; x_wconf 89' lang='lat' dir='ltr'>putem,</span> <span class='ocrx_word' id='word_1_98' title='bbox 813 1066 981 1130; x_wconf 84' lang='lat' dir='ltr'>tantumque</span> <span class='ocrx_word' id='word_1_99' title='bbox 997 1057 1124 1114; x_wconf 80' lang='lat' dir='ltr'>mentisil:</span> 
     </span>
     <span class='ocr_line' id='line_1_14' title="bbox 330 1129 1124 1210; baseline -0.003 -18"><span class='ocrx_word' id='word_1_100' title='bbox 330 1130 360 1192; x_wconf 64' lang='lat' dir='ltr'>⁴e</span> <span class='ocrx_word' id='word_1_101' title='bbox 374 1133 466 1192; x_wconf 85' lang='lat' dir='ltr'>divina</span> <span class='ocrx_word' id='word_1_102' title='bbox 481 1144 575 1190; x_wconf 86' lang='lat' dir='ltr'>natura</span> <span class='ocrx_word' id='word_1_103' title='bbox 590 1131 756 1200; x_wconf 87' lang='lat' dir='ltr'>delibatum,</span> <span class='ocrx_word' id='word_1_104' title='bbox 776 1129 852 1207; x_wconf 87' lang='lat' dir='ltr'>polle</span> <span class='ocrx_word' id='word_1_105' title='bbox 873 1131 1014 1210; x_wconf 62' lang='lat' dir='ltr'>exstingui</span> <span class='ocrx_word' id='word_1_106' title='bbox 1031 1174 1041 1201; x_wconf 93' lang='lat'>,</span> <span class='ocrx_word' id='word_1_107' title='bbox 1059 1131 1124 1204; x_wconf 72' lang='lat' dir='ltr'>ledt·</span> 
     </span>
     <span class='ocr_line' id='line_1_15' title="bbox 342 1207 1116 1283; baseline -0.006 -15"><span class='ocrx_word' id='word_1_108' title='bbox 342 1222 421 1268; x_wconf 88' lang='lat' dir='ltr'>certo</span> <span class='ocrx_word' id='word_1_109' title='bbox 436 1223 565 1283; x_wconf 88' lang='lat' dir='ltr'>ternpore</span> <span class='ocrx_word' id='word_1_110' title='bbox 578 1208 710 1276; x_wconf 85' lang='lat' dir='ltr'>emenso,</span> <span class='ocrx_word' id='word_1_111' title='bbox 731 1207 765 1267; x_wconf 89' lang='lat' dir='ltr'>ad</span> <span class='ocrx_word' id='word_1_112' title='bbox 780 1207 1027 1268; x_wconf 81' lang='lat' dir='ltr'>immortalitatem</span> <span class='ocrx_word' id='word_1_113' title='bbox 1036 1207 1116 1266; x_wconf 86' lang='lat' dir='ltr'>redire.</span> 
     </span>
     <span class='ocr_line' id='line_1_16' title="bbox 340 1283 1124 1360; baseline -0.006 -17"><span class='ocrx_word' id='word_1_114' title='bbox 340 1298 436 1344; x_wconf 86' lang='lat' dir='ltr'>autem</span> <span class='ocrx_word' id='word_1_115' title='bbox 451 1285 597 1346; x_wconf 83' lang='lat' dir='ltr'>homiuem</span> <span class='ocrx_word' id='word_1_116' title='bbox 613 1285 698 1359; x_wconf 83' lang='lat' dir='ltr'>magis</span> <span class='ocrx_word' id='word_1_117' title='bbox 711 1283 825 1354; x_wconf 86' lang='lat' dir='ltr'>deceat,</span> <span class='ocrx_word' id='word_1_118' title='bbox 843 1284 931 1360; x_wconf 71' lang='lat' dir='ltr'>quam</span> <span class='ocrx_word' id='word_1_119' title='bbox 945 1297 1008 1342; x_wconf 87' lang='lat' dir='ltr'>tam</span> <span class='ocrx_word' id='word_1_120' title='bbox 1026 1286 1124 1350; x_wconf 60' lang='lat' dir='ltr'>mulier</span> 
     </span>
    </p>

    <p class='ocr_par' dir='ltr' id='par_1_3' title="bbox 334 1360 1124 1734">
     <span class='ocr_line' id='line_1_17' title="bbox 363 1360 1122 1431; baseline -0.007 -11"><span class='ocrx_word' id='word_1_121' title='bbox 363 1379 397 1420; x_wconf 91' lang='lat' dir='ltr'>ue</span> <span class='ocrx_word' id='word_1_122' title='bbox 411 1361 496 1428; x_wconf 82' lang='lat' dir='ltr'>firmis</span> <span class='ocrx_word' id='word_1_123' title='bbox 510 1360 658 1420; x_wconf 88' lang='lat' dir='ltr'>rationibus</span> <span class='ocrx_word' id='word_1_124' title='bbox 673 1361 769 1420; x_wconf 87' lang='lat' dir='ltr'>nixum</span> <span class='ocrx_word' id='word_1_125' title='bbox 785 1379 799 1431; x_wconf 45' lang='lat'>,¹</span> <span class='ocrx_word' id='word_1_126' title='bbox 814 1360 922 1421; x_wconf 86' lang='lat' dir='ltr'>virilem</span> <span class='ocrx_word' id='word_1_127' title='bbox 937 1361 1122 1422; x_wconf 77' lang='lat' dir='ltr'>animumrtr:</span> 
     </span>
     <span class='ocr_line' id='line_1_18' title="bbox 340 1380 1124 1514; baseline -0.01 -16"><span class='ocrx_word' id='word_1_128' title='bbox 340 1380 503 1499; x_wconf 50' lang='lat' dir='ltr'>laemineam</span> <span class='ocrx_word' id='word_1_129' title='bbox 518 1439 664 1498; x_wconf 87' lang='lat' dir='ltr'>mollitiem</span> <span class='ocrx_word' id='word_1_130' title='bbox 682 1453 783 1498; x_wconf 83' lang='lat' dir='ltr'>exuere</span> <span class='ocrx_word' id='word_1_131' title='bbox 801 1433 814 1496; x_wconf 85' lang='lat'>.&gt;</span> <span class='ocrx_word' id='word_1_132' title='bbox 833 1439 883 1514; x_wconf 90' lang='lat' dir='ltr'>qui</span> <span class='ocrx_word' id='word_1_133' title='bbox 898 1436 969 1497; x_wconf 78' lang='lat' dir='ltr'>verb</span> <span class='ocrx_word' id='word_1_134' title='bbox 989 1452 1124 1498; x_wconf 68' lang='lat' dir='ltr'>mortuos:</span> 
     </span>
     <span class='ocr_line' id='line_1_19' title="bbox 334 1513 1109 1594; baseline -0.006 -20"><span class='ocrx_word' id='word_1_135' title='bbox 334 1515 463 1590; x_wconf 74' lang='lat' dir='ltr'>lugent,</span> <span class='ocrx_word' id='word_1_136' title='bbox 473 1531 526 1574; x_wconf 85' lang='lat' dir='ltr'>nec</span> <span class='ocrx_word' id='word_1_137' title='bbox 547 1515 699 1572; x_wconf 83' lang='lat' dir='ltr'>humanam</span> <span class='ocrx_word' id='word_1_138' title='bbox 721 1513 915 1574; x_wconf 85' lang='lat' dir='ltr'>conditionem</span> <span class='ocrx_word' id='word_1_139' title='bbox 945 1532 1057 1594; x_wconf 85' lang='lat' dir='ltr'>magno</span> <span class='ocrx_word' id='word_1_140' title='bbox 1081 1514 1109 1571; x_wconf 67' lang='lat' dir='ltr'>ef:</span> 
     </span>
     <span class='ocr_line' id='line_1_20' title="bbox 340 1587 1124 1669; baseline -0.001 -19"><span class='ocrx_word' id='word_1_141' title='bbox 340 1593 438 1651; x_wconf 86' lang='lat' dir='ltr'>animo</span> <span class='ocrx_word' id='word_1_142' title='bbox 451 1589 587 1668; x_wconf 85' lang='lat' dir='ltr'>despicere</span> <span class='ocrx_word' id='word_1_143' title='bbox 601 1587 726 1668; x_wconf 86' lang='lat' dir='ltr'>poliunt:</span> <span class='ocrx_word' id='word_1_144' title='bbox 745 1591 775 1650; x_wconf 90' lang='lat' dir='ltr'>in</span> <span class='ocrx_word' id='word_1_145' title='bbox 789 1606 838 1650; x_wconf 86' lang='lat' dir='ltr'>eos</span> <span class='ocrx_word' id='word_1_146' title='bbox 850 1591 917 1652; x_wconf 87' lang='lat' dir='ltr'>illud</span> <span class='ocrx_word' id='word_1_147' title='bbox 931 1592 1031 1668; x_wconf 84' lang='lat' dir='ltr'><strong>probri</strong></span> <span class='ocrx_word' id='word_1_148' title='bbox 1045 1591 1124 1669; x_wconf 54' lang='lat' dir='ltr'>pieres</span> 
     </span>
     <span class='ocr_line' id='line_1_21' title="bbox 340 1667 857 1734; baseline -0.002 -7"><span class='ocrx_word' id='word_1_149' title='bbox 340 1667 370 1728; x_wconf 74' lang='lat' dir='ltr'>re</span> <span class='ocrx_word' id='word_1_150' title='bbox 384 1668 507 1730; x_wconf 83' lang='lat' dir='ltr'>dicetur:</span> <span class='ocrx_word' id='word_1_151' title='bbox 854 1727 857 1734; x_wconf 70' lang='grc'>,</span> 
     </span>
    </p>

    <p class='ocr_par' dir='ltr' id='par_1_4' title="bbox 416 1743 1099 1900">
     <span class='ocr_line' id='line_1_22' title="bbox 418 1743 1099 1823; baseline 0.001 -18"><span class='ocrx_word' id='word_1_152' title='bbox 418 1754 465 1805; x_wconf 83' lang='lat' dir='ltr'>Vos</span> <span class='ocrx_word' id='word_1_153' title='bbox 477 1747 572 1804; x_wconf 77' lang='lat' dir='ltr'><em>etenim</em></span> <span class='ocrx_word' id='word_1_154' title='bbox 578 1745 694 1821; x_wconf 72' lang='lat' dir='ltr'>juvenes</span> <span class='ocrx_word' id='word_1_155' title='bbox 706 1743 827 1806; x_wconf 77' lang='lat' dir='ltr'>animum</span> <span class='ocrx_word' id='word_1_156' title='bbox 838 1744 930 1823; x_wconf 80' lang='lat' dir='ltr'>geritis</span> <span class='ocrx_word' id='word_1_157' title='bbox 943 1745 1099 1808; x_wconf 64' lang='lat' dir='ltr'>muliebrem:</span> 
     </span>
     <span class='ocr_line' id='line_1_23' title="bbox 416 1822 680 1900; baseline 0.008 -22"><span class='ocrx_word' id='word_1_158' title='bbox 416 1823 520 1900; x_wconf 75' lang='lat' dir='ltr'>illaque</span> <span class='ocrx_word' id='word_1_159' title='bbox 529 1824 604 1896; x_wconf 79' lang='lat' dir='ltr'>virgo</span> <span class='ocrx_word' id='word_1_160' title='bbox 617 1822 680 1880; x_wconf 81' lang='lat' dir='ltr'>viri.</span> 
     </span>
    </p>

    <p class='ocr_par' dir='ltr' id='par_1_5' title="bbox 325 1898 1124 3050">
     <span class='ocr_line' id='line_1_24' title="bbox 338 1898 1124 1978; baseline 0.004 -19"><span class='ocrx_word' id='word_1_161' title='bbox 338 1900 442 1970; x_wconf 82' lang='lat' dir='ltr'>Mulrae</span> <span class='ocrx_word' id='word_1_162' title='bbox 453 1899 529 1958; x_wconf 85' lang='lat' dir='ltr'>enirn</span> <span class='ocrx_word' id='word_1_163' title='bbox 544 1911 660 1974; x_wconf 85' lang='lat' dir='ltr'>repertae</span> <span class='ocrx_word' id='word_1_164' title='bbox 673 1899 797 1961; x_wconf 83' lang='lat' dir='ltr'>faeminae</span> <span class='ocrx_word' id='word_1_165' title='bbox 817 1898 903 1970; x_wconf 88' lang='lat' dir='ltr'>sunt,</span> <span class='ocrx_word' id='word_1_166' title='bbox 922 1919 993 1978; x_wconf 82' lang='lat' dir='ltr'>quae</span> <span class='ocrx_word' id='word_1_167' title='bbox 1013 1903 1045 1962; x_wconf 85' lang='lat' dir='ltr'>in</span> <span class='ocrx_word' id='word_1_168' title='bbox 1057 1901 1124 1962; x_wconf 67' lang='lat' dir='ltr'>dome-i</span> 
     </span>
     <span class='ocr_line' id='line_1_25' title="bbox 337 1974 1123 2056; baseline -0.004 -19"><span class='ocrx_word' id='word_1_169' title='bbox 337 1976 416 2040; x_wconf 68' lang='lat' dir='ltr'>luelu</span> <span class='ocrx_word' id='word_1_170' title='bbox 438 1974 600 2050; x_wconf 82' lang='lat' dir='ltr'>lingularem</span> <span class='ocrx_word' id='word_1_171' title='bbox 622 1976 709 2035; x_wconf 86' lang='lat' dir='ltr'>animi</span> <span class='ocrx_word' id='word_1_172' title='bbox 730 1975 902 2052; x_wconf 83' lang='lat' dir='ltr'>ptaeserrtiam</span> <span class='ocrx_word' id='word_1_173' title='bbox 922 1996 956 2038; x_wconf 86' lang='lat' dir='ltr'>ac</span> <span class='ocrx_word' id='word_1_174' title='bbox 988 1975 1123 2056; x_wconf 59' lang='lat' dir='ltr'>magnilli</span> 
     </span>
     <span class='ocr_line' id='line_1_26' title="bbox 325 2049 1121 2130; baseline 0.003 -18"><span class='ocrx_word' id='word_1_175' title='bbox 325 2076 327 2079; x_wconf 94' lang='lat'>·</span> <span class='ocrx_word' id='word_1_176' title='bbox 341 2053 531 2130; x_wconf 78' lang='lat' dir='ltr'>praestiterunt</span> <span class='ocrx_word' id='word_1_177' title='bbox 569 2051 625 2112; x_wconf 86' lang='lat' dir='ltr'>Sed</span> <span class='ocrx_word' id='word_1_178' title='bbox 639 2051 720 2112; x_wconf 87' lang='lat' dir='ltr'>virilis</span> <span class='ocrx_word' id='word_1_179' title='bbox 735 2052 894 2126; x_wconf 68' lang='lat' dir='ltr'>fortitudo,</span> <span class='ocrx_word' id='word_1_180' title='bbox 908 2067 941 2114; x_wconf 91' lang='lat' dir='ltr'>ut</span> <span class='ocrx_word' id='word_1_181' title='bbox 953 2055 1061 2115; x_wconf 86' lang='lat' dir='ltr'>libidini</span> <span class='ocrx_word' id='word_1_182' title='bbox 1072 2097 1078 2122; x_wconf 90' lang='lat'>,</span> <span class='ocrx_word' id='word_1_183' title='bbox 1088 2049 1121 2106; x_wconf 61' lang='lat' dir='ltr'>bl</span> 
     </span>
     <span class='ocr_line' id='line_1_27' title="bbox 340 2115 1120 2210; baseline -0.004 -19"><span class='ocrx_word' id='word_1_184' title='bbox 340 2131 411 2200; x_wconf 89' lang='lat' dir='ltr'>loti,</span> <span class='ocrx_word' id='word_1_185' title='bbox 429 2147 489 2195; x_wconf 74' lang='lat' dir='ltr'>non</span> <span class='ocrx_word' id='word_1_186' title='bbox 501 2128 578 2187; x_wconf 88' lang='lat' dir='ltr'>aliter</span> <span class='ocrx_word' id='word_1_187' title='bbox 592 2170 602 2198; x_wconf 92' lang='lat'>,</span> <span class='ocrx_word' id='word_1_188' title='bbox 620 2129 707 2205; x_wconf 69' lang='lat' dir='ltr'>quim</span> <span class='ocrx_word' id='word_1_189' title='bbox 720 2129 800 2189; x_wconf 79' lang='lat' dir='ltr'>selvo</span> <span class='ocrx_word' id='word_1_190' title='bbox 814 2131 950 2201; x_wconf 85' lang='lat' dir='ltr'>domina,</span> <span class='ocrx_word' id='word_1_191' title='bbox 973 2115 1120 2210; x_wconf 43' lang='lat' dir='ltr'>imperare*1</span> 
     </span>
     <span class='ocr_line' id='line_1_28' title="bbox 327 2199 1118 2283; baseline 0.005 -17"><span class='ocrx_word' id='word_1_192' title='bbox 327 2223 462 2283; x_wconf 80' lang='lat' dir='ltr'>eamque</span> <span class='ocrx_word' id='word_1_193' title='bbox 486 2221 616 2280; x_wconf 83' lang='lat' dir='ltr'>coercere</span> <span class='ocrx_word' id='word_1_194' title='bbox 641 2207 836 2282; x_wconf 71' lang='lat' dir='ltr'>refringere,</span> <span class='ocrx_word' id='word_1_195' title='bbox 853 2219 1004 2283; x_wconf 86' lang='lat' dir='ltr'>tamquam</span> <span class='ocrx_word' id='word_1_196' title='bbox 1028 2199 1118 2270; x_wconf 63' lang='lat' dir='ltr'>virbii</span> 
     </span>
     <span class='ocr_line' id='line_1_29' title="bbox 340 2281 1116 2362; baseline -0.001 -18"><span class='ocrx_word' id='word_1_197' title='bbox 340 2281 508 2344; x_wconf 81' lang='lat' dir='ltr'>imbecillam</span> <span class='ocrx_word' id='word_1_198' title='bbox 521 2282 607 2341; x_wconf 86' lang='lat' dir='ltr'>animi</span> <span class='ocrx_word' id='word_1_199' title='bbox 620 2293 736 2356; x_wconf 84' lang='lat' dir='ltr'>partem.</span> <span class='ocrx_word' id='word_1_200' title='bbox 775 2300 859 2359; x_wconf 87' lang='lat' dir='ltr'>quam</span> <span class='ocrx_word' id='word_1_201' title='bbox 873 2283 895 2342; x_wconf 84' lang='lat' dir='ltr'>st</span> <span class='ocrx_word' id='word_1_202' title='bbox 914 2301 1059 2362; x_wconf 84' lang='lat' dir='ltr'>emergere</span> <span class='ocrx_word' id='word_1_203' title='bbox 1068 2286 1116 2358; x_wconf 57' lang='lat' dir='ltr'>pti</span> 
     </span>
     <span class='ocr_line' id='line_1_30' title="bbox 338 2356 1085 2436; baseline -0.004 -16"><span class='ocrx_word' id='word_1_204' title='bbox 338 2360 423 2436; x_wconf 83' lang='lat' dir='ltr'>seque</span> <span class='ocrx_word' id='word_1_205' title='bbox 437 2359 527 2433; x_wconf 86' lang='lat' dir='ltr'>paullo</span> <span class='ocrx_word' id='word_1_206' title='bbox 542 2356 748 2430; x_wconf 16' lang='lat' dir='ltr'>altibsffiefferre,</span> <span class='ocrx_word' id='word_1_207' title='bbox 766 2358 924 2424; x_wconf 78' lang='lat' dir='ltr'>nonmodb</span> <span class='ocrx_word' id='word_1_208' title='bbox 937 2359 1085 2436; x_wconf 74' lang='lat' dir='ltr'>ratioiiipra</span> 
     </span>
     <span class='ocr_line' id='line_1_31' title="bbox 338 2434 1082 2514; baseline -0.008 -17"><span class='ocrx_word' id='word_1_209' title='bbox 338 2437 484 2497; x_wconf 86' lang='lat' dir='ltr'>sedetiam</span> <span class='ocrx_word' id='word_1_210' title='bbox 498 2434 594 2496; x_wconf 69' lang='lat' dir='ltr'>victrix</span> <span class='ocrx_word' id='word_1_211' title='bbox 608 2435 637 2494; x_wconf 89' lang='lat' dir='ltr'>in</span> <span class='ocrx_word' id='word_1_212' title='bbox 650 2435 748 2496; x_wconf 86' lang='lat' dir='ltr'>animo</span> <span class='ocrx_word' id='word_1_213' title='bbox 761 2435 912 2502; x_wconf 80' lang='lat' dir='ltr'>exsultabit.</span> <span class='ocrx_word' id='word_1_214' title='bbox 950 2456 1012 2514; x_wconf 85' lang='lat' dir='ltr'>quo</span> <span class='ocrx_word' id='word_1_215' title='bbox 1033 2437 1082 2496; x_wconf 86' lang='lat' dir='ltr'>nili</span> 
     </span>
     <span class='ocr_line' id='line_1_32' title="bbox 338 2512 1083 2591; baseline -0.005 -18"><span class='ocrx_word' id='word_1_216' title='bbox 338 2514 370 2573; x_wconf 88' lang='lat' dir='ltr'>ni</span> <span class='ocrx_word' id='word_1_217' title='bbox 383 2513 500 2587; x_wconf 81' lang='lat' dir='ltr'>turpius,</span> <span class='ocrx_word' id='word_1_218' title='bbox 520 2524 567 2571; x_wconf 87' lang='lat' dir='ltr'>aut</span> <span class='ocrx_word' id='word_1_219' title='bbox 581 2512 758 2588; x_wconf 82' lang='lat' dir='ltr'>perniciosius</span> <span class='ocrx_word' id='word_1_220' title='bbox 770 2530 807 2572; x_wconf 90' lang='lat' dir='ltr'>ne</span> <span class='ocrx_word' id='word_1_221' title='bbox 820 2513 975 2589; x_wconf 83' lang='lat' dir='ltr'>excogitari</span> <span class='ocrx_word' id='word_1_222' title='bbox 989 2515 1083 2591; x_wconf 77' lang='lat' dir='ltr'>quidet.</span> 
     </span>
     <span class='ocr_line' id='line_1_33' title="bbox 339 2588 1080 2666; baseline -0.008 -16"><span class='ocrx_word' id='word_1_223' title='bbox 339 2591 456 2666; x_wconf 83' lang='lat' dir='ltr'>Gorgiae</span> <span class='ocrx_word' id='word_1_224' title='bbox 469 2601 579 2658; x_wconf 90' lang='lat' dir='ltr'>orator,</span> <span class='ocrx_word' id='word_1_225' title='bbox 595 2589 655 2664; x_wconf 91' lang='lat' dir='ltr'>jam</span> <span class='ocrx_word' id='word_1_226' title='bbox 677 2588 946 2657; x_wconf 66' lang='lat' dir='ltr'>etate-constetus,</span> <span class='ocrx_word' id='word_1_227' title='bbox 968 2609 1001 2650; x_wconf 85' lang='lat' dir='ltr'>ac</span> <span class='ocrx_word' id='word_1_228' title='bbox 1014 2605 1080 2649; x_wconf 83' lang='lat' dir='ltr'>rnorr</span> 
     </span>
     <span class='ocr_line' id='line_1_34' title="bbox 338 2664 1087 2741; baseline -0.012 -14"><span class='ocrx_word' id='word_1_229' title='bbox 338 2685 419 2735; x_wconf 84' lang='lat' dir='ltr'>mus,</span> <span class='ocrx_word' id='word_1_230' title='bbox 437 2676 566 2741; x_wconf 84' lang='lat' dir='ltr'>rogatus,</span> <span class='ocrx_word' id='word_1_231' title='bbox 584 2681 653 2724; x_wconf 85' lang='lat' dir='ltr'>rrum</span> <span class='ocrx_word' id='word_1_232' title='bbox 667 2664 782 2726; x_wconf 84' lang='lat' dir='ltr'>libenter</span> <span class='ocrx_word' id='word_1_233' title='bbox 789 2679 964 2731; x_wconf 84' lang='lat' dir='ltr'>moreretur:</span> <span class='ocrx_word' id='word_1_234' title='bbox 984 2667 1087 2727; x_wconf 73' lang='lat' dir='ltr'>Maxim:</span> 
     </span>
     <span class='ocr_line' id='line_1_35' title="bbox 338 2742 1085 2827; baseline -0.007 -24"><span class='ocrx_word' id='word_1_235' title='bbox 338 2744 437 2818; x_wconf 75' lang='lat' dir='ltr'>inquit.</span> <span class='ocrx_word' id='word_1_236' title='bbox 456 2759 523 2800; x_wconf 90' lang='lat' dir='ltr'>nam</span> <span class='ocrx_word' id='word_1_237' title='bbox 537 2754 681 2818; x_wconf 83' lang='lat' dir='ltr'>tamquam</span> <span class='ocrx_word' id='word_1_238' title='bbox 703 2759 737 2800; x_wconf 86' lang='lat' dir='ltr'>ex</span> <span class='ocrx_word' id='word_1_239' title='bbox 753 2743 825 2817; x_wconf 89' lang='lat' dir='ltr'>putri</span> <span class='ocrx_word' id='word_1_240' title='bbox 851 2742 1007 2827; x_wconf 83' lang='lat' dir='ltr'>miseraque</span> <span class='ocrx_word' id='word_1_241' title='bbox 1020 2745 1085 2802; x_wconf 78' lang='lat' dir='ltr'>domi</span> 
     </span>
     <span class='ocr_line' id='line_1_36' title="bbox 336 2817 1080 2896; baseline -0.007 -18"><span class='ocrx_word' id='word_1_242' title='bbox 336 2819 472 2894; x_wconf 81' lang='lat' dir='ltr'>egredior.</span> <span class='ocrx_word' id='word_1_243' title='bbox 492 2818 521 2875; x_wconf 94' lang='grc' dir='ltr'>Ο</span> <span class='ocrx_word' id='word_1_244' title='bbox 537 2819 628 2878; x_wconf 84' lang='lat' dir='ltr'>virum</span> <span class='ocrx_word' id='word_1_245' title='bbox 643 2817 783 2894; x_wconf 82' lang='lat' dir='ltr'>egregium</span> <span class='ocrx_word' id='word_1_246' title='bbox 803 2817 997 2896; x_wconf 84' lang='lat' dir='ltr'>dignumque,</span> <span class='ocrx_word' id='word_1_247' title='bbox 1019 2821 1080 2894; x_wconf 81' lang='lat' dir='ltr'>cujus</span> 
     </span>
     <span class='ocr_line' id='line_1_37' title="bbox 337 2894 1076 2974; baseline -0.007 -19"><span class='ocrx_word' id='word_1_248' title='bbox 337 2898 367 2956; x_wconf 81' lang='lat' dir='ltr'>in</span> <span class='ocrx_word' id='word_1_249' title='bbox 383 2894 512 2962; x_wconf 79' lang='lat' dir='ltr'>omniurn</span> <span class='ocrx_word' id='word_1_250' title='bbox 527 2911 577 2974; x_wconf 74' lang='lat' dir='ltr'>ore</span> <span class='ocrx_word' id='word_1_251' title='bbox 596 2911 629 2954; x_wconf 88' lang='lat' dir='ltr'>ac</span> <span class='ocrx_word' id='word_1_252' title='bbox 643 2909 738 2954; x_wconf 81' lang='lat' dir='ltr'>mente</span> <span class='ocrx_word' id='word_1_253' title='bbox 762 2895 916 2956; x_wconf 84' lang='lat' dir='ltr'>sententia!</span> <span class='ocrx_word' id='word_1_254' title='bbox 938 2897 1006 2974; x_wconf 87' lang='lat' dir='ltr'>quid</span> <span class='ocrx_word' id='word_1_255' title='bbox 1019 2898 1076 2953; x_wconf 83' lang='lat' dir='ltr'>enim</span> 
     </span>
     <span class='ocr_line' id='line_1_38' title="bbox 335 2969 1075 3050; baseline -0.003 -18"><span class='ocrx_word' id='word_1_256' title='bbox 335 2970 489 3049; x_wconf 76' lang='lat' dir='ltr'>praeclarius</span> <span class='ocrx_word' id='word_1_257' title='bbox 503 2969 616 3030; x_wconf 81' lang='lat' dir='ltr'>dicere?</span> <span class='ocrx_word' id='word_1_258' title='bbox 635 2969 699 3029; x_wconf 73' lang='lat' dir='ltr'>clm</span> <span class='ocrx_word' id='word_1_259' title='bbox 713 2971 809 3040; x_wconf 87' lang='lat' dir='ltr'>mala,</span> <span class='ocrx_word' id='word_1_260' title='bbox 828 2989 894 3050; x_wconf 84' lang='lat' dir='ltr'>quae</span> <span class='ocrx_word' id='word_1_261' title='bbox 914 2973 1051 3033; x_wconf 84' lang='lat' dir='ltr'>viventem</span> <span class='ocrx_word' id='word_1_262' title='bbox 1067 2988 1075 3042; x_wconf 74' lang='lat' dir='ltr'>t</span> 
     </span>
    </p>
   </div>
   <div class='ocr_carea' id='block_1_3' title="bbox 178 3047 1075 3132">
    <p class='ocr_par' dir='ltr' id='par_1_6' title="bbox 178 3047 1075 3132">
     <span class='ocr_line' id='line_1_39' title="bbox 178 3047 1075 3132; baseline -0.004 -24"><span class='ocrx_word' id='word_1_263' title='bbox 178 3123 184 3132; x_wconf 31' lang='lat'>¹</span> <span class='ocrx_word' id='word_1_264' title='bbox 245 3052 249 3064; x_wconf 84' lang='grc'><strong>“</strong></span> <span class='ocrx_word' id='word_1_265' title='bbox 338 3047 410 3108; x_wconf 85' lang='lat' dir='ltr'>celle</span> <span class='ocrx_word' id='word_1_266' title='bbox 423 3047 477 3116; x_wconf 86' lang='lat' dir='ltr'>est,</span> <span class='ocrx_word' id='word_1_267' title='bbox 496 3049 652 3123; x_wconf 80' lang='lat' dir='ltr'>cogitaret,</span> <span class='ocrx_word' id='word_1_268' title='bbox 673 3047 839 3106; x_wconf 85' lang='lat' dir='ltr'>miseriarum</span> <span class='ocrx_word' id='word_1_269' title='bbox 861 3047 972 3120; x_wconf 85' lang='lat' dir='ltr'>finem,</span> <span class='ocrx_word' id='word_1_270' title='bbox 991 3065 1052 3126; x_wconf 86' lang='lat' dir='ltr'>quas</span> <span class='ocrx_word' id='word_1_271' title='bbox 1071 3086 1075 3098; x_wconf 78' lang='lat'>.</span> 
     </span>
    </p>
   </div>
   <div class='ocr_carea' id='block_1_4' title="bbox 335 3119 1076 3512">
    <p class='ocr_par' dir='ltr' id='par_1_7' title="bbox 335 3119 1076 3512">
     <span class='ocr_line' id='line_1_40' title="bbox 336 3119 1067 3202; baseline -0.004 -20"><span class='ocrx_word' id='word_1_272' title='bbox 336 3125 523 3199; x_wconf 81' lang='lat' dir='ltr'>relinquebat,</span> <span class='ocrx_word' id='word_1_273' title='bbox 541 3119 630 3182; x_wconf 83' lang='lat' dir='ltr'>adelle</span> <span class='ocrx_word' id='word_1_274' title='bbox 645 3123 802 3184; x_wconf 77' lang='lat' dir='ltr'>laetaretur?</span> <span class='ocrx_word' id='word_1_275' title='bbox 822 3121 859 3190; x_wconf 80' lang='lat' dir='ltr'>stc</span> <span class='ocrx_word' id='word_1_276' title='bbox 880 3143 929 3202; x_wconf 85' lang='lat' dir='ltr'>par</span> <span class='ocrx_word' id='word_1_277' title='bbox 950 3126 986 3184; x_wconf 89' lang='lat' dir='ltr'>eil</span> <span class='ocrx_word' id='word_1_278' title='bbox 1005 3123 1067 3200; x_wconf 82' lang='lat' dir='ltr'>loqui</span> 
     </span>
     <span class='ocr_line' id='line_1_41' title="bbox 336 3199 1071 3276; baseline -0.003 -19"><span class='ocrx_word' id='word_1_279' title='bbox 336 3217 422 3267; x_wconf 87' lang='lat' dir='ltr'>nem,</span> <span class='ocrx_word' id='word_1_280' title='bbox 442 3200 490 3274; x_wconf 89' lang='lat' dir='ltr'>qui</span> <span class='ocrx_word' id='word_1_281' title='bbox 505 3217 563 3258; x_wconf 88' lang='lat' dir='ltr'>non</span> <span class='ocrx_word' id='word_1_282' title='bbox 577 3199 691 3258; x_wconf 89' lang='lat' dir='ltr'>libidine</span> <span class='ocrx_word' id='word_1_283' title='bbox 705 3213 821 3259; x_wconf 84' lang='lat' dir='ltr'>vexetur</span> <span class='ocrx_word' id='word_1_284' title='bbox 838 3243 847 3270; x_wconf 91' lang='lat'>,</span> <span class='ocrx_word' id='word_1_285' title='bbox 867 3219 927 3264; x_wconf 83' lang='lat' dir='ltr'>noti</span> <span class='ocrx_word' id='word_1_286' title='bbox 949 3202 1071 3276; x_wconf 80' lang='lat' dir='ltr'>voluprrrt</span> 
     </span>
     <span class='ocr_line' id='line_1_42' title="bbox 335 3275 1076 3356; baseline 0.001 -24"><span class='ocrx_word' id='word_1_287' title='bbox 335 3275 388 3332; x_wconf 86' lang='lat' dir='ltr'>bris</span> <span class='ocrx_word' id='word_1_288' title='bbox 407 3276 565 3344; x_wconf 87' lang='lat' dir='ltr'>irretiatur,</span> <span class='ocrx_word' id='word_1_289' title='bbox 592 3275 659 3335; x_wconf 90' lang='lat' dir='ltr'>nulli</span> <span class='ocrx_word' id='word_1_290' title='bbox 681 3275 915 3354; x_wconf 60' lang='lat' dir='ltr'>denique‘pareat</span> <span class='ocrx_word' id='word_1_291' title='bbox 942 3275 1076 3356; x_wconf 69' lang='lat' dir='ltr'>cupidini:</span> 
     </span>
     <span class='ocr_line' id='line_1_43' title="bbox 335 3349 1070 3428; baseline 0.004 -22"><span class='ocrx_word' id='word_1_292' title='bbox 335 3349 442 3408; x_wconf 80' lang='lat' dir='ltr'>summa</span> <span class='ocrx_word' id='word_1_293' title='bbox 457 3351 493 3408; x_wconf 86' lang='lat' dir='ltr'>est</span> <span class='ocrx_word' id='word_1_294' title='bbox 508 3352 578 3408; x_wconf 86' lang='lat' dir='ltr'>ratio</span> <span class='ocrx_word' id='word_1_295' title='bbox 594 3354 624 3412; x_wconf 69' lang='grc' dir='ltr'>δε</span> <span class='ocrx_word' id='word_1_296' title='bbox 638 3352 786 3428; x_wconf 85' lang='lat' dir='ltr'>sapienria,</span> <span class='ocrx_word' id='word_1_297' title='bbox 803 3353 935 3422; x_wconf 79' lang='lat' dir='ltr'>humariae</span> <span class='ocrx_word' id='word_1_298' title='bbox 949 3353 1070 3414; x_wconf 77' lang='lat' dir='ltr'>neceffirr</span> 
     </span>
     <span class='ocr_line' id='line_1_44' title="bbox 335 3425 1040 3512; baseline 0.011 -26"><span class='ocrx_word' id='word_1_299' title='bbox 335 3441 414 3497; x_wconf 83' lang='lat' dir='ltr'>rate,</span> <span class='ocrx_word' id='word_1_300' title='bbox 431 3444 491 3500; x_wconf 74' lang='lat' dir='ltr'>nori</span> <span class='ocrx_word' id='word_1_301' title='bbox 504 3425 595 3494; x_wconf 86' lang='lat' dir='ltr'>dolori</span> <span class='ocrx_word' id='word_1_302' title='bbox 610 3429 727 3504; x_wconf 83' lang='lat' dir='ltr'>cedere,</span> <span class='ocrx_word' id='word_1_303' title='bbox 746 3447 805 3495; x_wconf 83' lang='lat' dir='ltr'>nort</span> <span class='ocrx_word' id='word_1_304' title='bbox 815 3427 958 3512; x_wconf 32' lang='lat' dir='ltr'>,deiidetio</span> <span class='ocrx_word' id='word_1_305' title='bbox 972 3432 1040 3509; x_wconf 80' lang='lat' dir='ltr'>angi.</span> 
     </span>
    </p>
   </div>
   <div class='ocr_carea' id='block_1_5' title="bbox 0 0 1176 3892">
    <p class='ocr_par' dir='ltr' id='par_1_8' title="bbox 0 0 1176 3892">
     <span class='ocr_line' id='line_1_45' title="bbox 0 0 1176 3892; baseline 0 4"><span class='ocrx_word' id='word_1_306' title='bbox 0 0 1176 3892; x_wconf 95' lang='lat' dir='ltr'> </span> 
     </span>
    </p>
   </div>
  </div>
 </body>
</html>
