2342 3892
146 126 237 231 ..⁶
282 129 716 205 consororini
843 150 926 222 mn

44 240 214 304 'commoda
235 243 399 308 removebit.
437 242 501 302 Nec
518 243 588 309 verb
608 241 760 311 audiendus
778 241 853 313 erit,
872 248 924 326 qui

42 317 117 376 haec
133 319 171 378 ab
184 321 314 385 humanae
325 335 429 380 naturae
442 317 553 383 miseriis
566 319 713 396 separanda
726 331 803 394 putet
818 362 826 387 ‚
843 320 926 396 quod
1011 345 1015 349 -

46 395 161 454 nonin
174 396 350 466 naturainfita
358 395 427 464 fior,
444 393 594 469 sedunus,
604 398 648 458 rel
660 397 816 472 aliquorum
831 387 925 458 riom'i-
984 453 988 460 .

45 489 127 530 num
145 489 250 535 errores
264 473 403 533 rideantur
423 492 431 529 a
470 473 555 536 totius
574 487 669 534 autem
690 486 797 537 naturae
810 473 854 532 illa
868 467 923 532 esse

47 545 198 619 affirmet,
215 567 279 626 qnae
298 549 314 609 ai
334 550 413 610 nullo
432 547 538 622 prorsus
559 549 676 615 bomine
695 549 799 625 sejungi
814 549 924 623 poffinr.

45 623 134 699 quasi
160 623 227 685 verd
245 627 399 686 humanum
421 641 481 682 non
501 623 536 684 srt
555 624 655 695 irasci,
672 627 749 702 quod
771 625 851 686 multi
867 644 926 686 non

44 699 223 770 irascantur,
240 716 359 762 autnon
372 701 527 760 humanum
548 701 651 777 loqui,
669 705 741 778 qui.
761 704 790 762 &
812 701 928 776 societa-

46 791 112 836 tem
129 779 220 848 coire,
241 778 321 855 quod
333 778 413 836 multi
428 778 611 851 reperiantur.
630 779 679 854 qui
700 779 767 838 nihil
790 777 925 838 difficilius

43 855 176 921 saciant,
189 852 281 932 quim
295 871 360 913 cum
375 853 534 912 hominibus
549 856 754 930 congredimur
767 853 927 917 sermonem

44 947 119 990 cum
182 931 249 990 'uo
267 931 405 993 conserte.
446 930 512 988 vere
540 944 635 990 autem
655 932 786 992 humanae
809 933 926 992 miseriae

42 1006 129 1076 sunt,
154 1024 193 1083 qu
214 1004 392 1066 d&sinon
412 1023 512 1064 omnes
533 1006 562 1065 in
582 1006 761 1076 uno,ce‚rte
783 1009 928 1068 omnesin

45 1084 208 1153 omnibus,
228 1085 259 1144 dc
275 1083 364 1159 aliqua
378 1083 407 1152 in
422 1082 537 1149 multis,
570 1084 601 1142 &
623 1082 718 1142 multae
731 1083 803 1159 saepe
821 1086 851 1150 in
867 1102 926 1144 uno

46 1159 252 1234 agnoscuntur.
291 1159 373 1231 Jam,
392 1157 539 1227 constantis
552 1162 639 1218 aetatis
653 1172 739 1236 quot,
758 1173 927 1236 quantaeque

47 1239 176 1298 miseriae
190 1237 264 1313 sior,
282 1253 342 1296 non
364 1233 474 1293 difficile
495 1234 533 1292 est
553 1234 729 1312 intelligere,
746 1248 775 1295 at
801 1236 929 1300 difficilli-

48 1332 135 1374 mum
155 1329 327 1371 enumerare.
363 1312 425 1376 baec
439 1310 515 1370 enim
529 1328 563 1369 ex
578 1314 708 1372 omnibus
721 1314 842 1382 hominis
855 1327 928 1388 ¹aeta·
988 1359 992 1367 .

49 1394 128 1451 tibus
146 1391 176 1447 in
191 1388 408 1462 perturbationes
422 1387 507 1445 animi
524 1427 533 1456 ,
553 1388 582 1446 in
605 1389 725 1463 pericula
747 1392 839 1464 capitis
855 1431 864 1456 .
883 1391 927 1464 sa·

47 1485 134 1534 mae,
155 1465 330 1522 fortunarum
343 1482 398 1523 uua
412 1461 534 1522 maxime
546 1464 668 1542 incurrit:
704 1465 771 1525 sicut
785 1465 861 1526 enim
876 1481 924 1526 ce·

45 1557 181 1604 terarum
196 1540 326 1599 omnium
340 1553 473 1604 aetatum,
491 1538 526 1597 ad
540 1557 581 1599 res
608 1544 774 1620 negotiaque
789 1557 848 1602 tum
868 1543 924 1617 pri·

45 1633 143 1684 vata,
163 1627 229 1685 tum,
238 1615 345 1691 publica
358 1613 512 1691 peragenda
523 1615 656 1691 aptissima
670 1619 725 1686 esi,
744 1618 923 1696 maximeque

44 1697 180 1756 idonea:
200 1692 237 1750 ita
248 1694 332 1755 etiam
345 1709 418 1759 uua,
437 1709 494 1767 prae
507 1697 603 1752 ceteris
616 1696 762 1764 omnibus,
781 1696 926 1758 difficulra-
959 1705 962 1715 '

47 1786 123 1832 tum
152 1768 376 1846 miseriarumque
390 1769 537 1837 omnium,
574 1787 640 1846 quae
655 1789 690 1830 ex
706 1772 812 1848 publica
838 1774 932 1848 priva·

48 1862 148 1922 taque
162 1845 394 1906 administratione
408 1847 550 1914 oriuntur,
568 1849 701 1924 particeps
735 1849 863 1916 &socia
882 1849 931 1912 est.

49 1925 127 1984 haec
140 1924 243 1998 privata
257 1925 414 1984 amicorum
435 1922 694 1998 negotiaprocurat
710 1968 718 1996 ,
737 1927 799 1984 lraec
821 1924 928 2000 publica

50 1999 171 2061 sustinet
184 2016 316 2061 munera:
336 2001 398 2058 haec
410 1998 533 2076 gloriam¹
553 2000 582 2059 bc
597 2002 782 2062 commodum
797 2021 832 2061 ex
846 2002 925 2063 rebus
982 2009 986 2017 '

50 2078 180 2137 feliciter
193 2075 408 2146 evenientibus,
430 2076 501 2142 baec
527 2094 664 2136 aerumnas
691 2080 720 2142 dc
740 2079 875 2142 molestias
888 2098 925 2141 ex

52 2153 179 2214 adverfis
194 2156 355 2236 experitur„
378 2154 443 2212 huic
457 2150 595 2213 bonorum
611 2155 715 2216 civium
730 2157 925 2232 propugnatio,

50 2232 127 2291 huic
142 2229 280 2290 malorum
294 2230 429 2289 accusatio
443 2229 580 2303 proposita
597 2231 633 2289 est
654 2250 662 2291 e
682 2233 747 2292 huic
766 2234 868 2296 invidia
895 2235 926 2294 δι

53 2307 206 2367 aemulatio
222 2304 331 2365 'abonis
344 2307 513 2374 imminent,
538 2306 554 2365 l
576 2305 652 2367 malis
672 2309 790 2383 pericula
812 2311 841 2368 δε
863 2309 927 2392 infi-

55 2387 118 2446 diae
131 2381 327 2443 intenduntur:
349 2397 413 2442 aetas
428 2399 580 2455 numquam
605 2381 652 2442 srbi
672 2383 721 2458 ipsi
734 2403 791 2448 non
807 2384 928 2454 infesta,

56 2477 222 2536 numquam
235 2473 345 2535 pacata:
366 2459 471 2534 semper
485 2458 616 2519 laboriosa
633 2501 641 2528 ,
660 2459 766 2536 semper
793 2463 872 2523 anxia
901 2464 934 2526 dc

55 2537 187 2598 sollicita.
224 2553 290 2613 quae
312 2535 332 2594 si
357 2554 416 2595 non
437 2535 543 2608 aliquos
564 2536 701 2598 interdum
725 2539 769 2596 uel
791 2539 930 2610 utilitatis,

60 2610 389 2688 velroluptaristruetus
402 2629 438 2670 ex
451 2611 555 2670 affiduo
568 2612 662 2675 labore
685 2617 836 2690 perciperet
850 2657 859 2685 ,
898 2616 927 2676 se

62 2691 152 2766 ipsam
176 2688 302 2764 profecto
321 2707 415 2765 regere
434 2704 466 2747 ac
479 2689 548 2747 tueri
563 2707 621 2748 non
636 2688 731 2766 posset.
772 2691 825 2752 Sed
846 2691 929 2762 ¹mise-

62 2770 168 2826 riarum
184 2782 315 2827 uumerus
328 2765 417 2824 multo
439 2765 529 2840 major
550 2765 618 2825 est:
651 2767 813 2842 magnitudo
834 2783 929 2830 autem

61 2856 159 2915 tanta,
178 2856 213 2903 ut
223 2844 367 2902 neminem
382 2841 397 2900 *a
412 2841 523 2917 publicis
536 2845 771 2914 procurationibus
782 2863 929 2908 nonarer-

62 2934 127 2978 tere
154 2937 186 2977 ac
222 2918 357 2978 deterrere
378 2919 467 2993 poffir.
504 2916 603 2978 illustre
628 2920 745 2993 praebuit
765 2923 927 2996 exemplum

62 2995 200 3055 universae
215 2996 319 3054 civitati
331 2995 467 3054 calamitas
481 2995 679 3072 nostra,quam
693 3015 728 3054 ex
742 3000 928 3071 parracivium

65 3072 169 3141 salute,
189 3090 223 3133 ex
238 3071 354 3135 defensis
375 3072 426 3130 aris
445 3088 478 3130 ac
497 3071 584 3137 focis,
604 3089 639 3128 ex
653 3073 835 3147 proditoribus
851 3075 930 3136 inei-

67 3149 187 3223 publicae
213 3166 245 3207 ac
268 3148 363 3224 popuii
377 3147 499 3206 Romani
512 3147 663 3208 cervicibus
683 3149 798 3222 depulsis
819 3163 931 3212 contra·

68 3228 169 3284 ximus.
207 3225 260 3284 Sed
280 3225 370 3283 noslra
390 3224 471 3282 suerit
492 3241 638 3282 aerumna:
666 3225 769 3284 civibus
783 3231 930 3304 contigerit

67 3301 137 3360 salus
151 3303 287 3372 bequies:
308 3319 392 3377 quam
408 3301 509 3370 etiam,
531 3299 585 3357 viti
599 3299 653 3374 ipsi
675 3301 889 3377 profundendi,
908 3306 930 3366 fi

70 3395 140 3452 opus
155 3375 268 3447 suisset,
286 3373 458 3438 libentissime
477 3374 691 3437 redemissemus.
727 3379 805 3446 Nihil
824 3381 932 3442 necesse

71 3455 108 3518 cst
122 3454 193 3547 mihi
212 3452 315 3544 deam
334 3454 392 3533 ipso
413 3454 588 3531 praedicare„
611 3453 663 3514 Sed
683 3468 777 3534 taruco
798 3457 940 3522 verissime

427 3536 694 3612 Etttettttter
769 3612 771 3620 J
865 3535 939 3594 affirn
