2342 3892
215 135 693 242 'consonus'
808 179 892 270 4089

27 299 197 352 manarum
210 285 399 358 moderatrix,
414 283 562 361 beneficio.
601 285 653 346 Tu
673 283 743 366 voro
768 285 834 348 ieiix
857 289 889 353 oc

27 381 101 439 tta,
125 363 222 427 Tutia
244 380 310 424 mea
325 378 338 436 ,¹
361 361 382 424 fl
403 365 465 439 quis
486 363 534 421 tibi
553 364 584 424 in
607 361 809 424 monefonsus
830 363 887 435 est,

27 465 61 506 ae
79 453 136 505 tot
161 444 301 519 unusque
320 440 434 503 miseriis
455 481 465 511 ,
484 441 582 517 quibus
596 439 736 518 propofita
751 439 845 500 initiet·
857 441 888 502 in

27 542 73 590 a,
103 536 165 580 una
179 531 271 578 morte
284 516 430 595 perfuncta
449 534 493 577 ea:
515 515 532 574 i
555 517 733 594 praesentibus
748 518 825 594 maiis
839 535 890 578 en-
913 582 914 590 χ

27 601 98 659 nita
118 641 129 668 ,
150 596 186 655 ab
199 595 423 671 impendentibus
434 605 529 670 erepta
546 635 556 663 ,
575 595 606 653 δι
628 594 657 654 in
681 606 744 655 tuto
765 611 800 653 ac
815 607 891 654 tran·

27 678 89 734 iilo
109 671 213 751 quietis
228 683 311 749 portu
326 670 472 743 collocata.
511 668 614 729 merito
627 671 678 728 tibi
701 683 824 732 montom
843 671 891 746 ju-

27 753 133 811 ndam
151 747 229 809 foiffe
243 759 360 825 putem,
378 746 443 806 eum
459 747 553 807 coiea
567 748 658 818 bona,
678 747 777 824 quibus
791 750 891 808 riren'·

28 830 95 887 frui
112 827 211 897 licuit,
230 827 329 885 animo
342 836 475 900 reputas,
494 825 540 882 vei
563 824 659 892 mala,
679 842 744 900 quae
766 827 889 886 moriens

27 905 94 964 :asti
122 946 132 970 ,
154 915 250 962 mente
276 917 310 960 ac
326 902 495 976 cogitatione
513 900 718 978 compieiieris.
756 899 818 976 Ego
840 920 891 960 au·

27 1003 80 1050 m,
107 981 176 1038 cunr
191 993 220 1038 te
233 978 344 1038 felicem
358 977 501 1053 judicem,
520 994 571 1048 ac,
585 977 605 1036 sr
621 977 713 1036 dicere
727 977 890 1054 liceat',paa-

27 1079 31 1114 e
50 1058 153 1117 oculis
167 1071 304 1126 cernam,
321 1071 370 1114 cur
384 1065 433 1114 tua
448 1066 541 1114 morte
558 1055 701 1114 excrucier
710 1053 726 1112 ἓ»
742 1053 832 1130 potius
843 1056 891 1122 ior·

27 1138 109 1204 bor,
129 1149 164 1192 ac
184 1133 251 1202 tibi,
270 1144 414 1209 tamquam
431 1131 466 1190 de
479 1150 511 1191 re
523 1131 707 1207 optatiiiima,
726 1130 891 1208 gratulabor.

27 1214 45 1269 ri
63 1210 119 1272 nist
133 1209 285 1268 molestum
301 1210 357 1279 eit,
377 1224 425 1268 me
436 1209 495 1283 jam
511 1220 595 1266 aetate
609 1199 772 1268 confeoium
787 1209 816 1266 in
832 1220 891 1267 tam

27 1289 171 1347 erturbata
186 1284 342 1361 republica,
361 1296 477 1361 tamque
499 1283 601 1344 misero
622 1287 688 1344 ritae
709 1300 810 1360 genere
830 1284 893 1343 reli·
999 1293 1000 1300 ’

27 1361 115 1434 niffe,
137 1361 208 1438 q'uid
230 1362 290 1436 jam
310 1378 393 1437 grave
418 1375 466 1420 aut
489 1362 619 1421 acerbum
640 1356 696 1422 effe·
716 1360 815 1438 potiit?
837 1357 893 1420 Sed

27 1460 58 1500 >c
76 1454 204 1518 quoque
218 1439 324 1496 ratione
337 1438 392 1514 ipsa
405 1439 492 1497 levius
507 1438 648 1514 aliquanto
657 1437 788 1497 efficitur:
798 1455 891 1514 neque
925 1483 929 1508 ,

27 1533 157 1584 Διιιιιιε,
178 1513 246 1590 quid
261 1528 308 1574 me
321 1513 561 1590 perferreneceiie
575 1515 625 1585 fit,
644 1515 706 1586 sed,
726 1512 811 1592 quim
832 1533 893 1575 non

27 1593 112 1654 auito
130 1591 195 1666 post
207 1602 301 1650 tecum
316 1591 415 1652 iisdem
430 1592 509 1650 bonis
523 1592 617 1652 usurus
631 1591 699 1659 iim,
718 1593 800 1652 debes
814 1591 895 1668 'cogi-

29 1689 76 1730 re.
102 1668 176 1727 nihii
191 1669 265 1728 enim
283 1669 410 1728 accidere
423 1668 503 1728 valde
517 1669 696 1744 gmvepotest
709 1670 765 1737 iit,
784 1671 832 1746 qui
847 1669 894 1744 spe

28 1766 63 1806 m
86 1744 246 1822 propinqua
261 1747 345 1804 mturi
366 1746 433 1804 boni
454 1759 611 1804 recreantur
623 1747 675 1811 ,δι’
690 1746 806 1806 aluntur.
839 1746 895 1804 sed

27 1823 109 1882 :scio
130 1823 179 1898 qui
200 1839 254 1882 nos
273 1833 368 1882 teneat
395 1836 497 1892 orror,
517 1836 564 1880 aut
584 1821 746 1884 miserabilis:
755 1822 893 1906 ignoratio

27 1901 83 1957 eri.
105 1916 166 1957 non
181 1901 256 1959 enim
271 1909 418 1974 tantopere
430 1900 511 1958 bonis
524 1898 712 1968 delectamur,
731 1897 817 1974 quim
833 1913 895 1956 ma-

27 1994 37 2035 s
55 1973 228 2051 affligimurr
249 1993 285 2035 en
297 1975 419 2055 quo'flt,
438 1988 471 2034 ut
484 1977 639 2034 haecetiam
653 1975 895 2050 nolenteaaugea·

27 2071 95 2112 rus:
115 2055 191 2113 bona
204 2064 299 2112 autem
315 2096 324 2124 ,
343 2067 409 2128 quo
422 2051 559 2121 fruendo,
579 2051 748 2129 cogitando,
768 2051 892 2128 gauderi·
948 2074 953 2090 ¹

27 2147 47 2188 o
66 2130 179 2204 maiora
194 2131 305 2189 efficere
319 2129 461 2203 expediret
470 2139 484 2200 ,'
497 2131 582 2188 ctiam
605 2129 775 2197 deteramus,
812 2127 892 2206 quod
1001 2133 1002 2140 ’

27 2206 90 2264 erte
104 2206 224 2264 minime
240 2215 392 2280 oporteret.
406 2213 411 2223 '
433 2218 518 2274 nam,
538 2205 642 2266 flictio
658 2205 793 2280 disputare
810 2206 893 2264 tolu-

27 2301 99 2350 rus,
142 2298 191 2339 cur
217 2281 328 2341 dolores
355 2297 454 2356 resque
475 2282 598 2358 adversas
622 2283 807 2358 refugiamus,
826 2297 894 2358 quae

27 2355 217 2418 ortitudinem
238 2357 267 2417 in
288 2358 366 2418 nobis
386 2360 504 2437 gignunt
541 2361 573 2417 oc
597 2355 750 2419 efficiunt?
791 2356 894 2435 quaefi

27 2437 92 2494 rullo
109 2429 214 2503 offeni,
232 2433 306 2492 nulia
320 2433 448 2510 proiecti>
462 2435 600 2495 fortitudo
617 2434 816 2511 agnosceretur.
843 2449 892 2492 cur

27 2523 144 2570 nortem
158 2504 319 2569 horreamus
334 2551 342 2579 ,
360 2526 425 2587 quae
440 2511 540 2571 affidui
553 2511 595 2570 sui
607 2510 744 2570 memorii
760 2551 769 2579 ,
790 2526 841 2576 nos
861 2521 893 2568 ut

27 2591 150 2649 neiiores
165 2584 265 2656 simus,
284 2585 440 2646 admonet?
459 2605 512 2649 nec
526 2590 644 2665 patitur,
662 2587 699 2646 ‘ad
712 2603 745 2645 ea
767 2604 818 2646 nos
833 2589 893 2646 ani·

27 2683 103 2722 num
116 2662 290 2739 adjungere,
315 2679 381 2740 quae
400 2664 520 2742 aliquam
539 2666 653 2725 nomini
676 2663 769 2724 noiiro
792 2663 836 2722 vel
850 2665 895 2721 in-

27 2741 231 2816 emperantia,
249 2739 301 2800 vel
314 2739 450 2813 iniutiitiae
462 2753 559 2800 notam
574 2741 673 2816 possint
686 2742 803 2798 inurere.
816 2739 897 2800 Bona

27 2819 111 2886 cero,
132 2819 162 2876 &
175 2835 225 2885 ea,
245 2832 311 2893 quae
325 2813 475 2889 probantur
489 2819 518 2875 in
534 2819 632 2892 vulgus
649 2858 658 2888 ,
688 2833 736 2874 cur
749 2828 895 2892 tantopere

27 2893 204 2969 appetamus?
223 2909 289 2970 quae
303 2889 462 2971 consecuti,
482 2893 623 2953 molliores
640 2893 828 2968 plerumque,
862 2909 896 2950 ac

27 2970 172 3029 deteriores
185 2968 339 3030 evadimus.
377 2968 471 3042 itaque
491 2968 533 3027 his
552 2969 729 3045 voluptatum
743 2969 896 3032 'lenociniis

27 3048 193 3113 obruimur,
224 3059 255 3105 ut
275 3041 416 3103 disceiium
438 3061 473 3107 ox
493 3045 547 3102 hac
567 3047 624 3104 vira
645 3043 806 3119 impendere
821 3071 833 3111 p
850 3048 899 3104 vix

28 3123 175 3200 aliquando
189 3121 375 3182 recordemur
416 3120 558 3196 Sapienter
573 3121 801 3197 philosophorum
825 3122 900 3194 prin-

31 3218 92 3275 ceps
112 3202 141 3257 8(
162 3201 288 3275 magister
310 3197 405 3256 Plato:
425 3214 490 3272 quae
506 3196 595 3267 seusus
607 3198 727 3272 appetit,
741 3209 790 3254 aut
805 3199 899 3268 timer,

30 3278 96 3334 nihil
109 3275 178 3333 aiiud
196 3275 266 3345 etie,
286 3273 370 3351 quim
389 3274 505 3333 somnia.
539 3270 633 3350 itaque
648 3276 900 3349 periturorum,

34 3353 119 3410 nenda
134 3349 194 3409 effe.
234 3354 304 3410 maia
318 3351 385 3409 vero
396 3353 594 3421 utuimotur,
622 3352 655 3410 ad
670 3363 772 3408 eterna
794 3367 896 3427 prope·

33 3432 161 3490 randum:
182 3427 242 3504 quo
263 3428 313 3487 nist
338 3428 508 3504 confugias,
528 3429 608 3488 vitari
629 3441 782 3502 numquam
808 3426 896 3502 potie.

33 3518 59 3566 at
70 3507 222 3599 adacterna
236 3523 273 3566 ne
299 3506 441 3585 properari
458 3506 578 3587 quidem
599 3504 712 3583 rpoteii,
731 3502 781 3565 niti
803 3519 896 3592 morte

848 3597 895 3658 1²·
