2342 3892
278 142 364 230 '410⁸
466 135 991 209 M.Turrrr·C·rcnrcours

278 260 337 308 tem
354 261 446 309 mone
458 247 590 328 quaesisse.
626 252 656 310 O
671 251 847 310 acerbumac
859 249 969 308 nemini
989 245 1148 326 non-poeniq

279 326 398 398 tendum
415 329 586 404 Reipublicae
614 328 712 398 statum
743 327 999 401 conditionemque
1017 321 1148 382 vivendis

278 401 343 460 chm
359 407 407 463 eos‘
420 406 506 479 ipsos,
526 407 575 482 qui
598 403 808 480 Rempublicam
829 404 880 462 suo
902 404 1025 467 labore,
1045 399 1134 473 suoque

275 477 405 554 sanguine
420 485 562 550 auxerint,
579 481 702 556 juvarint
718 524 727 548 ‚
746 481 901 547 servarint,
923 493 1064 554 nusquam
1085 489 1133 533 tuto

274 556 401 634 nihilque
423 560 535 634 magis,
554 557 639 634 quam
660 558 879 633 propinquorum
902 573 1008 613 manus
1040 571 1073 610 ac
1092 551 1134 625 gla-

274 631 335 690 dios
356 635 485 695 tinrcntcs
504 634 745 710 horrescentcsque
765 633 882 700 videas:
903 632 1021 690 illorum
1039 641 1133 694 auten,

272 725 395 784 quorum
422 729 477 786 ope
498 725 579 788 atque
598 711 700 768 auxilio
720 705 841 788 servatus
853 708 907 776 lis,
936 707 1006 766 cirm
1031 704 1135 790 bombi·

270 785 310 845 les
336 786 504 862 miserosque
518 788 590 846 casus
611 787 826 863 speciessnulla
839 797 935 842 tamen
953 785 1072 844 tatione
1085 799 1133 867 opt·

269 861 367 930 tulari,
388 864 510 938 nihilque
524 864 620 922 afferre
634 863 787 938 adjumenti
801 879 892 938 queas.
931 862 994 936 quis
1011 871 1097 934 neget
1109 874 1132 914 ns

269 939 348 1012 ipsis,
368 941 415 1015 qui
430 940 492 997 haec
506 941 604 999 intueri
621 952 771 1015 cogantur,
790 951 913 996 mortem
928 935 985 995 else
995 953 1066 994 non
1081 951 1132 992 mo·

268 1014 308 1074 dd
323 1015 544 1085 decredandam‚
558 1017 609 1094 sed
624 1017 707 1074 etiam
722 1013 896 1092 optandam?
916 1015 966 1092 qui
987 1026 1086 1071 autem
1105 1028 1132 1068 ne

267 1091 297 1152 sn
312 1092 413 1150 horum
428 1106 588 1169 temporum
603 1091 750 1151 flammant
762 1091 886 1151 incidant
902 1132 911 1160 ,
940 1090 1044 1148 mortis
1060 1090 1132 1146 bene

195 1173 199 1180 '
266 1166 333 1227 ficio
349 1168 489 1228 consecuti
508 1169 587 1237 snt,
608 1187 656 1228 eos
676 1169 745 1244 γετὸ
766 1167 934 1228 beatiffimos
952 1167 1020 1242 jure
1042 1181 1132 1223 omnes

265 1244 478 1305 existimabunt:
498 1246 609 1322 qualern
637 1242 714 1306 suiffe
736 1245 770 1304 L.
793 1242 916 1302 Crassum
945 1241 1000 1301 nisr
1021 1259 1062 1300 res
1083 1241 1132 1316 ipst

266 1318 448 1399 probavisset,
467 1322 534 1381 nihil
549 1320 635 1393 esset,
651 1339 702 1381 cur
717 1323 844 1382 oratione
856 1317 1077 1397 persuadendum
1094 1319 1131 1375 vi·

265 1399 384 1457 deretur.
428 1398 482 1457 Sed
501 1401 564 1458 haec
583 1399 675 1474 paullo
697 1399 874 1474 antiquiora.
894 1395 985 1474 quim
1001 1408 1033 1454 ut
1047 1396 1131 1480 omni

265 1474 357 1534 busin
379 1476 546 1535 memoriam
566 1477 676 1552 redigi,
696 1491 728 1534 ac
747 1475 918 1550 cogitatione
932 1471 1128 1548 comprehendi

264 1552 375 1626 poffint.
413 1553 541 1628 Pompeii
560 1565 655 1612 autem
675 1595 684 1621 ‚
703 1551 786 1611 nollri
808 1551 973 1620 familiaris,
992 1549 1058 1609 casu
1071 1547 1126 1624 quis

266 1627 297 1686 in
312 1629 423 1687 civitate
436 1629 544 1697 notius,
563 1629 631 1707 quid
644 1627 786 1688 illustrius?
805 1627 934 1704 nunquid
955 1627 1090 1686 omnium
1102 1644 1125 1683 o·

265 1703 335 1764 culis
358 1722 391 1762 ac
412 1707 549 1764 mentibus
569 1705 732 1782 perspectam
758 1707 788 1763 δι
808 1703 925 1768 clarius?
943 1704 1023 1763 hunc
1038 1703 1060 1762 fi
1078 1717 1124 1760 ma·

264 1779 327 1839 ture
339 1781 484 1840 callincius
496 1781 579 1853 esset,
598 1783 666 1842 nihil
681 1782 801 1850 doloris,
820 1781 888 1840 nihil
907 1778 1050 1840 invafisset
1063 1779 1124 1838 mai.

273 1856 344 1927 ¹udd
356 1870 414 1917 tarn
429 1858 477 1917 diu
491 1861 519 1917 in
540 1861 598 1919 vita
619 1858 717 1918 manfit
732 1902 742 1928 ‚
760 1858 863 1918 iccirco
890 1856 1000 1916 sedium
1028 1856 1084 1930 esi,
1100 1869 1125 1940 nt

305 1934 402 2010 gularis
413 1935 571 1994 calamitatis
585 1935 744 2010 exemplum
761 1935 890 1992 omnibus
901 1934 1059 2010 praebuerit.
1085 1949 1124 1988 cui

183 2019 185 2022 ⁴
264 2028 302 2069 eo
315 2010 466 2071 tunuofior
480 2013 601 2072 sortunae
616 2012 745 2071 acerbitas
760 2009 813 2069 visa
835 2009 872 2068 est
888 2053 897 2081 ,
924 2027 987 2086 quo
1010 2009 1125 2070 feliciore

256 2103 297 2148 ,ac
310 2086 472 2147 secundiore
485 2089 595 2147 fortuna
605 2091 638 2148 in
652 2089 732 2148 omni
745 2077 878 2146 virtutus
892 2100 960 2146 etat.
980 2087 1043 2164 quis
1058 2089 1123 2145 enim

262 2162 394 2222 universis
408 2164 512 2222 civibus
529 2165 678 2241 ahquando
692 2161 809 2224 clarior?
829 2163 890 2240 quis
902 2163 931 2222 in
947 2177 1016 2240 toga
1032 2166 1076 2223 vel
1091 2181 1123 2222 re·

262 2239 420 2316 bergesiis,
438 2241 484 2300 vel
495 2241 646 2303 honoribus
661 2250 737 2302 extra
750 2239 877 2300 ordinem
886 2239 1000 2309 delatis,
1021 2239 1121 2299 clariori

262 2318 323 2392 quis
338 2318 452 2392 opibus,
471 2319 733 2396 propinquitatibus,
751 2318 878 2377 amicitiis
891 2315 1040 2376 florentior
1056 2317 1069 2376 ὲ
1088 2318 1122 2377 cui

263 2393 332 2452 nihil
363 2394 466 2467 prorsus
491 2393 526 2454 ad
550 2396 687 2456 summam
709 2395 915 2474 absolutamque
937 2393 1120 2462 felicitatem,

258 2483 360 2544 praeter
373 2469 519 2530 honestum
535 2515 544 2540 ‚
564 2489 597 2531 ac
609 2471 765 2548 jucundum
780 2470 848 2531 vitae
869 2472 998 2540 exitum,
1018 2471 1121 2531 deeset.
1147 2467 1148 2540 l

253 2545 314 2605 ..Sed
328 2547 489 2618 videamus,
508 2555 643 2622 quantum
658 2551 688 2609 in
703 2549 782 2608 rebus
794 2549 923 2607 humanis
935 2547 1062 2606 fortunae
1069 2549 1120 2624 pos·

186 2665 190 2679 .
257 2623 293 2682 sit
306 2623 412 2698 injuria.
430 2622 480 2681 nisi
494 2625 621 2720 malimus
636 2624 672 2684 ad
685 2627 822 2702 propriam
831 2623 953 2684 mortalis
968 2625 1119 2685 vitaenimis

256 2699 378 2774 asperam
407 2699 589 2777 miseramque
617 2701 809 2762 conditionem
836 2702 931 2760 omnia
953 2700 1029 2760 mala
1043 2719 1122 2762 revo-

254 2792 328 2836 care
367 2777 415 2852 qui
430 2777 505 2835 eninr
524 2777 691 2854 amplissimis
711 2778 827 2838 fortunis
847 2777 906 2837 rasus
927 2789 1011 2836 erat:
1032 2779 1120 2846 nihil,

181 2865 185 2870 ·
256 2852 307 2912 nisi
333 2851 449 2912 sublime
467 2870 499 2912 ac
513 2853 625 2914 beatum
639 2873 691 2914 nec
707 2853 852 2932 cogitare,
872 2871 925 2912 nec
939 2865 1037 2928 optare
1055 2873 1119 2914 con·

250 2929 376 2989 sueverat
390 2949 398 2986 ε
418 2929 463 2988 cui
477 2932 574 2988 omnia
589 2931 633 2992 uel
646 2932 680 2991 ad
694 2932 771 2991 usum
790 2973 799 3000 ‚
837 2931 881 2990 uel
895 2929 931 2989 ad,
945 2930 1114 3004 voluptatem

252 3006 433 3081 supererant,
453 3005 555 3065 bellum
581 3024 647 3068 cum
668 3007 764 3079 socero
777 3007 918 3083 suscepit:
938 3005 1059 3067 deseruit
1071 3010 1116 3067 do

244 3099 352 3150 nrum,
371 3084 494 3157 profugit
509 3100 544 3141 ex
557 3083 649 3144 ltaliae
670 3087 699 3145 δε
714 3083 779 3145 chnr
794 3098 874 3144 antea
887 3081 954 3147 nihrl
973 3084 1005 3142 in
1024 3087 1117 3144 ceteris

251 3159 351 3228 hellis,
371 3159 421 3220 nisi
434 3160 544 3219 summo
560 3161 675 3222 consilio
692 3161 888 3238 prudentisque
900 3157 1034 3236 gessisset,
1052 3162 1113 3222 chrn

252 3236 299 3293 rel
313 3235 443 3294 maxime
460 3237 574 3312 ingenio
597 3239 761 3316 judicioque
776 3233 1114 3307 excelleredebuiffet,sui

245 3310 331 3385 paend
345 3312 444 3371 oblitus
459 3314 506 3370 est.
543 3317 639 3392 itaque
653 3315 777 3375 imbelles
803 3317 832 3376 δι
862 3311 983 3374 infirmas
1003 3317 1111 3390 copias.

245 3388 350 3445 tirones
377 3388 596 3467 colleditiosque
616 3391 716 3452 milites
737 3408 803 3451 curn
823 3389 1009 3451 robustissimis
1027 3390 1113 3468 legio·

239 3462 321 3525 uibus
332 3463 461 3546 conterre
476 3483 536 3531 uon
551 3468 703 3551 dubitarint
720 3465 863 3556 &amisso
878 3467 1111 3624 “ercimp'imffsss
1147 3545 1148 3570 Χ
