2342 3892
240 127 325 210 4¹0⁶
426 119 479 192 M,
508 119 676 194 Tuberi
698 116 947 194 Crceuours

238 232 496 305 immemores‘elie
516 236 625 312 patitur.
661 235 774 298 Horum
795 234 872 294 enim
893 234 977 294 armis
999 233 1102 312 imperii

239 316 309 376 lines
323 314 448 388 producii
462 313 545 372 sunt:
583 313 686 372 horum
702 311 831 386 sanguine
851 325 928 385 parta
943 327 978 370 ac
997 311 1101 372 stabilita

238 393 361 453 libertas:
382 393 483 449 horum
497 389 617 466 denique
631 390 724 448 labore
751 405 783 448 ac
795 387 885 448 studio
906 389 1059 462 respublica
1070 389 1102 448 ad

182 483 185 492 ·
227 479 344 528 motam
360 467 484 543 peruenit
498 465 555 524 sive
570 466 675 526 bellicae
690 465 799 533 leudis,
810 464 867 522 five
881 461 1104 527 domssticaevir·

237 546 304 604 turis
314 545 446 621 gloriam.x
477 559 599 677 qluorum
615 545 644 602 in
660 543 769 628 vestigia
783 541 883 616 pedem
900 557 1011 614 ponere
1025 560 1104 617 opor·

238 634 297 691 tet,
317 623 365 696 qui
380 619 486 678 laudrbi
498 619 548 678 'ter
562 618 673 688 rivere,-
692 635 796 696 quique
809 617 930 682 bonellis
945 619 977 678 in
992 618 1102 680 astioni·

238 697 288 756 bus
303 698 424 758 exerceri
439 694 554 763 volunt,
573 712 625 762 nec
640 696 695 756 ullo
717 695 817 758 ruentis
829 709 922 752 errore
936 695 975 754 ad
987 696 1102 756 nimium

239 774 368 833 dolorem
402 786 486 849 arque
513 771 643 831 insaniam
664 771 779 838 traduci,
820 768 1042 834 Nominovimus
1063 791 1105 832 ex·

240 863 335 909 ternos
364 867 480 925 magnos
505 850 647 926 clarosque
662 850 756 914 risose
785 847 948 922 collegimus
961 847 1001 908 de
1015 850 1104 910 nolitis

241 927 398 1003 plurimos,
420 927 519 1002 quibos
540 927 637 984 mortis
658 925 746 1010 sensus
768 941 828 983 non
851 922 941 982 modb
960 925 1104 1001 ingratus,

167 1070 171 1075 I
242 1003 393 1062 sedetiam
416 1016 526 1077 optatus
560 1005 590 1060 bc
615 1001 753 1077 jucundus
775 997 884 1060 accidit.
923 1001 1106 1070 nudarunsr

238 1080 346 1155 placet,
365 1082 449 1154 etiarn
465 1079 655 1142 Theramenes
672 1121 682 1146 ,
699 1077 749 1155 qui
763 1093 876 1138 veneno
891 1089 1002 1152 epoto,
1024 1081 1108 1140 mari·

240 1175 287 1216 ma
302 1160 432 1232 aequitate
445 1156 547 1222 animi,
566 1155 662 1214 ludens
676 1156 705 1214 in
720 1167 829 1226 morte,
848 1153 928 1228 quod
941 1168 1002 1214 erar
1015 1156 1044 1214 in
1060 1173 1107 1231 po

240 1234 306 1292 culo
326 1235 487 1309 reliquum,
513 1231 608 1290 Critiae
636 1231 802 1307 propinavit.
838 1231 915 1303 Ergo
938 1231 986 1290 ille
1014 1233 1044 1292 isa
1063 1232 1107 1292 sm

241 1324 334 1368 morte
348 1313 389 1369 vir
403 1309 489 1368 clarus
514 1309 544 1366 δι
566 1308 670 1382 sapiens
689 1307 822 1368 ludebat:
843 1323 895 1366 nos
917 1307 948 1366 iu
969 1306 1107 1382 filiorqu

240 1402 289 1444 aut
301 1387 426 1444 affinium
441 1398 533 1444 morte
545 1383 719 1459 lugebimus?
740 1386 911 1444 &veterum
925 1383 1003 1444 dicia
1017 1387 1107 1462 quoti-

242 1462 288 1521 die
314 1465 436 1538 legentes
476 1475 559 1537 atque
579 1460 773 1528 addiscentes,
806 1459 938 1535 praeclara
957 1461 1108 1530 ducemus,

242 1542 370 1613 exempla
383 1536 604 1614 repudiabimus?
622 1549 670 1594 aut
685 1555 747 1596 eam
762 1537 848 1594 vitam
865 1577 875 1604 ,
896 1553 963 1612 quae
987 1553 1107 1597 mortem

239 1616 313 1674 lianc
328 1616 506 1674 consecutura
520 1614 575 1680 est,
596 1615 804 1684 immortalem,
822 1613 955 1678 beatam,
976 1611 1108 1674 ‘amiseris

240 1693 371 1752 omnibus
385 1709 519 1759 vacuam,
539 1692 611 1766 negli
630 1689 734 1756 emus?
753 1689 880 1768 quamvis
901 1691 982 1748 enim
1006 1691 1107 1754 nudum

240 1786 357 1843 corpus,
377 1771 408 1827 ὃ(
430 1768 560 1826 exanime
579 1709 721 1848 disuedcps
742 1767 877 1842 relinquat
897 1767 1039 1837 animus,
1063 1784 1109 1826 nec

239 1845 355 1920 amplius
368 1846 449 1904 liceat
462 1845 589 1910 homini,
608 1844 657 1922 qui
670 1843 686 1904 ὲ
700 1845 756 1905 vita
769 1841 908 1913 discedat,
926 1841 980 1904 suis
997 1843 1109 1922 opibus,

241 1921 340 1992 bonis,
359 1922 459 1983 diuitiis
472 1921 588 1996 perfrui:
1008 1947 1012 1954 =

320 2000 450 2068 Allante,
470 2014 502 2055 us
515 1998 559 2055 iile
571 1998 630 2067 air,
648 2011 690 2074 ops
704 1995 866 2066 barbarica,

323 2075 527 2142 reclinatorii,
545 2073 694 2153 laquearis,

242 2150 357 2212 Tamen
372 2149 462 2208 multb
475 2151 624 2228 maioribus
637 2152 666 2210 &
681 2151 778 2220 bonis,
795 2153 827 2214 &
837 2149 936 2226 opibus
945 2193 955 2220 ,
964 2169 1033 2229 quae
1043 2151 1111 2212 nuilla

242 2228 359 2287 uetustas
373 2226 513 2296 absumet,
530 2228 604 2287 nulla
620 2229 659 2286 vis
674 2227 787 2302 eripiet,
807 2228 918 2305 piorum
938 2229 1111 2290 menresaffi·
1149 2255 1150 2260 ¹

240 2304 297 2364 dui
320 2305 471 2380 potiuntur.
488 2324 492 2335 ¹
510 2303 565 2363 Sed
584 2303 754 2363 dimittamus
777 2308 805 2364 δι
825 2305 954 2380 exempla
977 2305 1111 2366 clarorum

239 2382 409 2449 hominurn,
429 2383 458 2439 ὅ(
477 2380 587 2439 illorum
609 2381 714 2440 virtutis
733 2378 890 2456 impressam
910 2381 1031 2444 historiis
1057 2399 1111 2440 me·

155 2516 158 2525 ,
241 2461 380 2518 moriam:
401 2457 545 2516 veniamus
567 2457 603 2516 ad
624 2456 683 2522 ici,
709 2459 786 2532 quod
819 2458 1011 2534 unusquisque
1038 2457 1111 2532 sensu

168 2559 173 2566 ·
241 2537 383 2611 percipit,
402 2547 594 2609 quantumque
614 2551 649 2592 ex
670 2548 761 2594 morte
780 2533 986 2610 consequamur
1006 2535 1113 2594 emolu-

242 2614 332 2672 menti
352 2615 393 2670 :a'c
413 2609 559 2669 commodi
576 2652 584 2677 ,
605 2627 634 2668 re
655 2609 710 2685 ipsa
729 2610 862 2688 fauisque
881 2609 1045 2685 probemus.
1080 2627 1113 2668 ex

241 2706 296 2764 qua
319 2687 441 2747 docendi
465 2704 499 2744 ac
528 2685 680 2760 disputandi
710 2689 816 2748 ratione
838 2685 985 2762 perspicui
1015 2688 1115 2747 veritus

239 2764 385 2831 elucescit,
407 2763 530 2840 quidque
543 2763 599 2821 hoc
611 2757 735 2828 rnodose
748 2764 863 2828 habeat,
883 2761 928 2821 vel
944 2764 1015 2832 illo,
1034 2762 1115 2822 sacili

187 2850 189 2859 '
239 2841 330 2919 potest
344 2841 466 2915 perspici.
505 2839 532 2898 Si
546 2841 693 2912 quisquam
708 2839 764 2910 est,
782 2841 831 2916 qui
844 2838 980 2898 secundos
996 2839 1116 2900 inomni

239 2920 297 2976 vita
312 2935 402 2976 rerum
419 2917 507 2975 exitus
532 2915 641 2989 adipisci
662 2919 691 2974 ἃ
713 2915 846 2992 consequi
861 2913 943 2992 possit
960 2957 968 2982 ,
989 2917 1115 2990 nihilque

239 2998 340 3055 timeat
354 2993 477 3060 advers,
497 2994 570 3052 hunc
584 3009 672 3050 nemo
686 2991 793 3052 infitiari
809 2992 927 3067 poterit,
945 2992 1012 3068 jure
1028 2993 1115 3052 disiu-

241 3088 322 3141 mm,
343 3069 363 3128 sr
380 3073 464 3131 vitam
481 3069 529 3128 sibi
542 3085 633 3130 morte
648 3067 740 3136 multis
754 3070 872 3147 partibus
887 3068 1039 3130 meliorem
1049 3069 1118 3130 affir-

221 3162 312 3207 χιτιετ.
331 3150 407 3223 atqui
421 3164 509 3209 nemo
524 3145 586 3215 est,
621 3147 670 3221 qui
693 3162 752 3204 nou
774 3143 864 3204 modb
885 3145 1009 3206 miserias
1036 3159 1119 3220 atque

243 3241 383 3282 aerumnas
395 3225 429 3281 ab
443 3223 568 3282 humana
581 3223 637 3280 vita
651 3221 809 3298 segregare,
828 3221 874 3282 sed
886 3239 924 3280 ne
946 3221 1117 3282 semihoram

237 3300 355 3436 guidem
368 3299 480 3358 felicem
496 3298 544 3358 sibi
563 3317 596 3358 ac
610 3297 718 3358 beatam
743 3298 865 3374 polliceri
881 3297 975 3372 poffit.
1011 3298 1119 3358 Metelli

262 3376 288 3434 bi
310 3375 452 3434 fortunam
466 3377 572 3451 sperant
585 3393 701 3436 omnes:
721 3375 823 3435 Priami
844 3374 973 3435 sobolem
1014 3392 1049 3434 ac
1078 3390 1121 3431 re-

240 3467 330 3543 guum
344 3464 480 3530 exoptent
494 3452 559 3525 alii,
576 3451 655 3533 qmli
668 3467 728 3516 nun
742 3454 775 3516 ὃς
787 3450 919 3516 Metellos
939 3465 1000 3530 tarn
1014 3447 1123 3589 13ng
