2342 3892
214 100 347 241 tm.
416 104 937 242 *Ma'l'otorrcrctrtottrs

239 271 381 348 jiciorrtttr.
407 282 519 344 'eoque
528 262 652 325 miserior
666 261 776 324 illorom
789 261 871 324 flatos
887 265 925 324 eli
941 306 953 336 ,
969 261 1112 344 quorrol:

241 349 296 408 lior
308 356 421 412 tratura,
440 343 519 404 &ad
534 337 713 419 propulsanda
727 341 938 412 incommoda,
976 343 1110 402 calamita·

184 416 188 423 ’
244 436 343 499 tesqtte
356 419 528 498 perferendas
541 415 687 499 infirmior.
725 415 862 486 easdem,
889 436 959 494 quas
979 421 1058 488 viri,
1083 437 1111 476 er

243 500 409 578 parentum,
427 498 561 563 fratrum,
579 493 724 562 sororum,
740 492 866 570 'affirrium
889 495 1006 554 interitu
1031 496 1111 556 mole·

246 575 307 635 stiae
334 574 372 634 ὃ(
388 573 497 633 dolores
510 571 656 630 hauriunt:
677 569 790 629 maritos
804 567 874 646 saepe
890 573 1004 641 fatuos,
1023 589 1109 650 parum

211 670 213 674 ·
247 651 284 712 de
297 670 327 711 re
339 649 490 710 domestica
502 647 648 714 sollicitos,
667 647 813 722 pecorr'iam
834 648 1041 722 profundentes
1055 667 1111 708 mn·

250 727 395 787 ciscontur.
422 745 457 785 ex
474 743 535 802 quo
555 734 698 859 gaupertas
731 723 762 781 ὃ(
780 721 875 783 loeus.
913 725 1022 802 quibue
1045 725 1110 784 malis

253 804 291 863 eo
306 816 469 880 premuntur
480 801 555 877 gravi
574 818 603 868 s,
622 797 700 875 quod
717 809 802 870 non,
821 811 852 858 ut
865 801 1001 860 homines
1016 843 1031 872 ,
1045 801 1112 860 inda·

249 897 314 957 gare
327 873 454 955 polihnt,
473 890 537 954 qttav
551 873 675 936 maxime
693 876 800 934 ratione
822 876 988 936 medeantur
1011 880 1111 936 incom·

249 957 361 1024 modis,
380 957 514 1030 rebooqtte
528 952 579 1012 suis
594 951 746 1032 consulant.
784 954 931 1027 Quantum
944 953 1050 1014 'Tullia
1063 971 1114 1013 mea

252 1051 288 1093 ex
302 1034 382 1108 patris
396 1031 492 1090 exsilio
506 1029 627 1096 doloris,
645 1039 781 1106 quantum
798 1047 834 1088 ex
848 1031 1017 1090 maritorum
1026 1049 1114 1091 aerum·

240 1112 294 1172 mis
313 1111 343 1168 δι
364 1107 565 1187 difficultatibus
583 1105 672 1164 lucius
698 1105 889 1182 molestiaeque
912 1105 1069 1184 percepit?
1091 1109 1113 1164 lt

252 1186 380 1264 quamvis
393 1182 515 1260 optanda
527 1182 611 1242 etiam
623 1180 751 1259 ‘minime
771 1199 859 1257 pauca
878 1185 908 1244 in
929 1185 990 1244 vita
1013 1186 1114 1248 viderit:

252 1262 392 1323 malorum
406 1274 500 1331 tamen
514 1275 666 1335 paucorum
681 1258 785 1326 sensus,
805 1259 850 1319 vel
862 1259 1116 1320 doetiffimitlromi-

253 1339 333 1409 nibus
343 1336 544 1414 judicantibus,
564 1335 601 1394 ita
616 1334 728 1393 acerbus
741 1333 780 1394 est
797 1377 806 1406 ,
825 1347 856 1394 ut
876 1336 958 1396 bonis
978 1338 1025 1396 vel
1041 1337 1116 1413 plori-

255 1418 310 1476 mis
327 1417 359 1475 &
374 1414 510 1474 'maximis
524 1422 649 1488 aquetur
666 1453 675 1480 ,
694 1409 833 1470 interdum
850 1414 935 1472 etiam
959 1414 1117 1488 praeferatur.

252 1491 393 1554 Permulta
414 1501 545 1566 praeterea
566 1488 596 1547 in
616 1487 678 1552 hoc,
692 1504 794 1564 genere
815 1485 877 1548 sunt
894 1533 903 1562 ,
921 1505 991 1566 quae
1012 1492 1115 1550 reticere

254 1568 380 1646 praestat,
398 1566 484 1643 quim
498 1565 591 1625 edere.
625 1563 671 1624 sed
687 1581 786 1640 magna
800 1563 874 1624 certe
891 1607 901 1637 ,
928 1567 975 1626 vel
997 1567 1055 1627 hoc
1068 1585 1113 1625 uno

186 1702 190 1708 .
252 1646 390 1714 nomine,
409 1644 585 1707 faeminarum
602 1641 707 1701 miseria
722 1642 781 1710 est„
812 1640 914 1720 quod,
934 1643 1072 1718 quamdiu
1083 1661 1111 1699 ir·

255 1733 344 1790 vum,
363 1737 458 1795 parere
472 1719 580 1794 semper
593 1731 739 1798 coguntur.
776 1733 825 1779 aut
848 1718 923 1777 enim
938 1720 1066 1797 innuptae
1079 1737 1111 1793 pr·

157 1857 161 1869 ,
257 1797 381 1858 rentrlrirs
407 1798 439 1858 &
465 1796 609 1855 affinibus:
630 1807 677 1854 aot
695 1805 817 1870 nuptae,
844 1793 948 1854 maritis
969 1811 1067 1871 parent
1092 1798 1120 1852 st·

255 1875 386 1934 serviunt.
422 1871 478 1942 fic,
496 1889 555 1949 quo
569 1869 660 1932 minlrs
673 1871 790 1940 liberae,
829 1887 866 1929 eo
888 1873 979 1948 magio
999 1873 1114 1937 miserae,

256 1969 311 2012 nec
326 1966 462 2026 umquam
475 1949 585 2017 liberae,
604 1946 655 2008 nist
669 1946 685 2006 ὲ
698 1950 755 2008 vita
771 1945 914 2023 profectae.
955 1966 1028 2026 ergo
1049 1967 1115 2008 mor·

154 2047 157 2051 ·
256 2039 315 2086 tuae
335 2027 423 2086 beatae
443 2025 588 2086 censendae
609 2037 698 2084 eruor.
736 2025 798 2083 Nec
827 2022 889 2083 sane
915 2023 1037 2097 video,
1059 2025 1115 2104 quil

232 2172 234 2175 ¹
257 2101 345 2178 aptior
356 2103 411 2161 dici
426 2102 514 2177 poffit.
535 2101 581 2161 sed
604 2112 663 2171 ,ut
676 2100 711 2160 ad
732 2117 783 2160 nos
802 2099 875 2176 ipsos
893 2101 1064 2162 redeamus:
1083 2120 1114 2160 co

256 2195 330 2237 ttxor
343 2177 497 2252 contiripit,
516 2178 538 2238 is
558 2187 658 2253 praeter
676 2193 844 2238 communes
862 2179 998 2238 omnium
1019 2179 1115 2239 calami-

257 2267 327 2314 tates
341 2253 485 2330 praecipuo
505 2254 590 2312 etiam
612 2251 849 2330 miseriae-genere
869 2256 1035 2328 premitur,
1055 2253 1114 2331 quil

257 2349 319 2392 non
332 2329 421 2390 solltm
433 2330 502 2400 suis,
521 2330 667 2389 sedetiam
689 2329 845 2389 domesticis
863 2333 956 2390 uxoris
999 2335 1032 2392 &
1052 2335 1116 2392 lamr-

254 2408 302 2467 lr'ae
322 2407 453 2468 molestiis
484 2409 611 2482 curisque
637 2419 759 2466 vexator.
796 2423 897 2484 neque
911 2408 991 2466 enim
1015 2410 1050 2468 ab
1070 2426 1115 2476 er,

202 2518 206 2522 ·
255 2486 384 2562 qui-com
399 2483 724 2547 arsliffimomatrimonii
739 2483 1117 2562 vinculoconglutinaroteli.

256 2575 305 2632 aut
319 2572 432 2631 mente,
451 2573 498 2618 aut
513 2560 683 2634 cogitatione
704 2558 840 2634 sejunctus
859 2557 913 2619 effe
934 2562 1039 2636 potest.
1077 2566 1121 2621 lra-

147 2661 155 2677 ‘
257 2655 316 2714 que
328 2649 373 2697 tot
387 2649 502 2695 vexatus
516 2635 867 2712 calamitatibur,tantisque
882 2637 996 2700 miseriis
1009 2642 1121 2699 circum·

257 2714 345 2773 clusus
358 2713 481 2775 hominis
494 2713 628 2783 animus,
647 2712 714 2788 quid
735 2713 902 2788 egregium,
922 2728 970 2776 aut
990 2718 1120 2775 eximium

256 2790 408 2867 suspicere,
427 2801 475 2848 aut
489 2789 611 2863 cogitare
625 2785 735 2864 potest?
755 2791 881 2860 mirum,
900 2792 930 2850 rtl
944 2790 1121 2868 seseabjicirr,

256 2884 292 2934 ac
306 2866 392 2926 veluti
412 2866 605 3001 <imperatione
625 2863 760 2940 perculsus
787 2866 867 2924 homi
882 2867 988 2946 jaceat.
1030 2870 1121 2929 Redeo

256 2944 341 3018 igitur
354 2941 389 3001 ad
403 2942 451 3001 illu
485 2984 494 3011 ,
513 2941 592 3016 quod
612 2941 693 3000 initio
714 2940 794 3012 dixi,
814 2945 957 3002 neminem
978 2943 1039 3004 elle
1055 2989 1064 3016 ,
1081 2947 1121 3021 qui

256 3019 379 3094 spirirum
395 3019 495 3086 ducat,
513 3017 737 3088 nonmiserum,
757 3018 900 3078 neminem
916 3017 981 3078 vere
1008 3023 1122 3082 felicem.

256 3112 413 3172 parumque
426 3095 531 3171 sapiunt
547 3093 567 3154 ii
585 3135 594 3163 ,
614 3095 663 3170 qui
683 3095 830 3154 hominem
854 3095 1025 3158 luendorum
1048 3099 1123 3157 scele-

257 3189 321 3232 tum
338 3169 417 3230 causa
430 3182 546 3237 natum,
565 3169 697 3240 felicem,
717 3171 889 3231 autbertum
910 3172 1017 3233 audent
1037 3177 1124 3234 nomi·

173 3302 177 3306 Α
256 3264 333 3307 nate.
369 3245 460 3305 noslra
475 3248 572 3315 enim,
590 3263 655 3323 quae
676 3247 776 3308 dicitur
797 3249 876 3318 vita,
897 3265 973 3309 mors
993 3251 1054 3310 est:
1075 3269 1123 3309 nec

256 3334 394 3399 umquam
409 3323 480 3381 vivit
492 3324 617 3392 animus,
638 3321 687 3382 nist
701 3339 839 3400 compage
853 3323 955 3384 solutus
978 3330 1103 3402 corporis
1117 3370 1123 3392 ,

255 3395 324 3454 liber
345 3399 499 3458 aeternitate
519 3400 649 3474 potiatur.
688 3400 784 3476 itaque
805 3402 977 3460 mortem‘in
999 3403 1141 3462 beneficii?

252 3471 320 3535 loco
333 3474 465 3536 tributam
488 3473 507 3537 a
525 3475 589 3539 Diis
609 3475 810 3556 immortalibus
828 3478 885 3552 tis,
912 3495 982 3556 quot
1004 3479 1126 3614 wlff&

563 3592 567 3598 .
699 3589 705 3598 .
730 3593 732 3598 .
774 3569 776 3574 ’
1106 3572 1127 3612 1·

974 3769 987 3797 s
1140 3745 1141 3794 l
