2342 3892
273 143 694 214 Consonnrro
826 150 908 223 pm

47 253 144 317 nauus
162 251 233 319 lilios
259 275 292 319 ac
305 273 440 338 nepotes,
460 261 525 321 eum
541 255 664 320 maxime
678 257 772 317 beatus
788 253 911 331 effepoi·

43 334 103 402 set,
121 333 221 393 invitus
242 335 365 408 obierit,
385 340 415 398 bt
436 339 574 398 Priamum
596 351 657 394 non
681 334 761 392 omni
781 334 910 392 orbatum

44 411 206 486 progenie,
224 410 395 491 summoque
410 413 508 476 dolore
528 412 689 473 confestum
706 453 715 480 ,
734 409 835 468 hollilis
854 425 937 468 ma·-

49 505 104 545 nus
116 487 293 551 interemerit.
331 491 383 550 His
396 492 482 550 uitam
498 490 518 550 fi
533 507 609 550 mors
629 487 734 562 aliquot
753 483 816 544 ante
838 487 915 546 annis

48 560 210 634 ademiffet,
230 566 246 624 ὲ
261 567 354 626 multis
368 584 417 626 eos
439 567 551 626 miseriis
583 583 616 624 ac
630 563 745 624 indibus
758 563 837 620 limul
859 565 911 622 eri·

49 638 169 714 puillet.·
195 659 267 718 quos
281 645 383 702 iccirco
397 646 501 721 experti
514 644 591 710 sunt,
611 643 675 717 quia
690 642 775 698 viram
792 637 912 709 diutius,

50 715 141 790 quim
154 717 273 793 ipsorum
289 716 594 796 requirebat'felicitas,
621 717 818 794 produxerunt.
849 717 915 778 hinc

47 793 95 850 illa
110 792 294 854 miserabiliter
306 798 464 856 decantatae

134 880 188 927 Hcc
202 874 290 929 omnia
306 874 366 930 vr'dt'
379 873 561 952 inflammari,

132 947 239 1007 Priamo
253 949 284 1007 ut'
298 952 386 1006 viram
400 953 514 1024 auferri,

117 1039 120 1044 ·
134 1025 215 1094 Jovir
231 1045 309 1082 aram
315 1029 445 1102 sanguine
459 1028 569 1103 turpati.

52 1100 134 1170 Quae
153 1118 213 1159 non
238 1101 328 1160 rnodb
353 1103 440 1172 risu,
465 1103 511 1162 sed
535 1104 617 1162 etiam
635 1102 728 1162 ruditu
750 1100 918 1161 acerbillima

53 1175 135 1233 lunt:
155 1179 222 1252 quid
235 1193 363 1255 putamus
377 1181 476 1238 misero
491 1180 578 1255 Regi,
598 1184 647 1256 qui
661 1181 755 1239 omnia
771 1181 799 1236 dc
814 1181 918 1257 ridere,

55 1253 89 1309 ἃ
102 1252 214 1324 audite,
233 1257 262 1314 bc
275 1257 391 1332 experiri
404 1256 515 1316 coaetus
530 1254 596 1316 est?
616 1276 684 1316 num
706 1257 731 1315 ei
752 1253 841 1313 multo
863 1272 923 1313 me·

53 1328 107 1386 lius
124 1329 275 1401 eventilet,
293 1331 313 1391 fi
328 1334 412 1392 vitam
429 1334 548 1392 omnino
561 1335 653 1394 multis
665 1329 924 1408 anteannis‚quim

57 1405 125 1463 ltaec
139 1407 319 1479 acciderent,
339 1406 490 1468 amistffet?
510 1409 631 1469 Fotfitan
653 1410 787 1488 quispiam
809 1407 923 1468 dixerit:

58 1481 168 1551 multa,
188 1486 362 1559 quae'rivens
376 1485 471 1546 uaelus
494 1486 555 1554 eli,
580 1487 654 1545 bona
675 1529 684 1557 ,
711 1484 769 1544 ciri)
789 1483 926 1545 decedens

55 1558 172 1634 penitus
185 1561 339 1637 reliquillet.
380 1562 425 1621 sed
447 1564 463 1622 i
485 1562 562 1622 malis
584 1565 667 1622 etiam
690 1561 779 1622 multo
794 1561 926 1637 graviori·

58 1635 131 1700 bus,
151 1636 239 1710 qualia
255 1641 339 1698 multa
359 1639 458 1700 saecula
478 1657 538 1699 non
557 1639 710 1710 viderunt,
729 1636 881 1697 feliciffime
893 1636 925 1696 li·

58 1710 174 1770 beratus
187 1710 273 1775 effe..
283 1716 325 1775 Ex
339 1717 436 1793 quibus
449 1717 578 1776 omnibus
594 1759 603 1785 ,
623 1715 771 1790 multisque
787 1715 842 1773 aliis
864 1730 927 1790 per·

38 1826 43 1834 ·
59 1785 190 1862 spicuum
204 1789 260 1860 est,
278 1805 434 1868 pervertere
446 1794 575 1852 homines
589 1810 620 1851 ea
629 1809 710 1868 ,quae
723 1791 785 1850 sunt
795 1793 928 1849 humanae

59 1863 248 1926 fundamenta
261 1869 418 1938 felicitatis,
438 1870 503 1928 eum
525 1870 669 1929 utilitatem
691 1868 707 1927 i
730 1881 826 1926 morte*
841 1867 931 1944 sejurr·

60 1953 153 2014 gunt,
172 1955 220 2002 aut
235 1944 299 2004 curn
315 1946 450 2006 miseriam
472 1964 537 2005 cum
559 1959 652 2008 morte
673 1944 851 2004 connediunt.
894 1945 932 2004 L.

63 2015 215 2088 Crallum,
251 2039 286 2081 ex
307 2022 396 2081 nostra
418 2024 529 2082 civitate
551 2021 724 2084 clatillimum
746 2023 775 2080 bc
798 2021 934 2097 eloquen-

61 2093 201 2153 tillimum
225 2100 313 2158 virum
330 2141 339 2168 ,
359 2111 465 2159 matura
486 2117 562 2159 mors
577 2143 587 2170 ,
605 2101 713 2176 quantis
741 2097 756 2156 ὲ
779 2097 932 2166 molestiis,

62 2173 234 2247 quantisque
248 2176 437 2234 incommodis
451 2177 570 2251 eripuit?
589 2193 673 2244 nam,
691 2193 745 2253 qua
766 2175 793 2233 in
817 2174 934 2249 pieriam
958 2179 961 2186 '

64 2248 173 2321 pietate
186 2249 259 2320 fuit,
279 2268 313 2310 ex
328 2254 360 2310 iis
373 2252 471 2323 malis,
510 2270 556 2311 uae
569 2265 690 2312 mortem
712 2253 772 2327 ejus
787 2251 935 2309 consecuta

65 2323 151 2392 sunt,
170 2325 378 2397 incredibilem,
396 2328 415 2386 fl
430 2270 552 2398 muilier,
570 2330 697 2389 dolorem
712 2323 863 2402 accepisset.
888 2324 937 2414 lla·

65 2401 161 2475 gravit
173 2403 249 2464 enirn
269 2405 342 2464 bello
362 2405 463 2474 ltalia,
482 2406 578 2466 exarlit
597 2406 703 2465 senatus
724 2401 849 2471 invidii,
868 2400 937 2461 nrhtl

68 2477 195 2553 denique
207 2481 235 2539 in
249 2483 360 2540 civitate
374 2482 426 2542 fuit
441 2526 450 2551 ,
468 2483 545 2558 quod
566 2501 624 2542 non
646 2483 705 2556 ejus
719 2481 852 2554 temporis
866 2479 937 2538 cala-

67 2556 200 2613 mitatem
233 2557 396 2634 ludumque
430 2558 594 2634 persenserit.
645 2559 719 2617 Nam
748 2555 815 2635 quid
841 2558 937 2629 lugam

70 2632 179 2699 Marii,
196 2635 263 2708 quid
279 2649 392 2704 cetera,
413 2652 478 2711 quae
491 2638 520 2694 in
534 2636 604 2694 illius
623 2631 737 2695 discellu
754 2633 937 2700 aeciderunt,

71 2706 201 2767 maxime
214 2710 335 2769 ludiuosa
356 2710 520 2788 summeque
534 2712 685 2771 miseranda
698 2707 940 2770 commemorem?

73 2786 144 2862 quid
159 2784 277 2845 reditum
292 2787 369 2846 illum
383 2788 583 2864 sanguinarium
597 2832 611 2857 „
629 2789 705 2865 cujus
719 2807 755 2846 ex
772 2785 942 2848 recordatio·

75 2879 115 2920 ne
128 2879 216 2944 nemo
232 2863 287 2933 eli,
307 2866 425 2940 quinon
441 2865 544 2924 intimis
556 2865 672 2923 sensibus
686 2865 865 2925 exhorrescat.
897 2875 941 2920 te·

74 2954 176 2997 tremus
190 2940 268 2999 enim
280 2941 433 3009 memorii,
452 2954 500 2999 aut
511 2940 604 3000 saltem
621 2959 655 3000 ex
669 2955 775 3016 patrum
791 2940 945 3014 scriptisac-

75 3018 223 3088 cepimus,
243 3017 452 3076 crudeliffimam
468 3020 597 3079 omnium
616 3020 724 3077 caedem
745 3019 792 3077 illo
812 3030 943 3090 tempore

78 3090 135 3152 effe
151 3092 251 3152 fatiam
269 3133 278 3163 ‚
296 3095 446 3155 trucidatos
466 3094 556 3154 bonos
574 3097 648 3155 viros
668 3097 698 3154 bc
719 3095 815 3163 cives,
836 3091 943 3150 incisas

75 3185 181 3229 eorum
196 3171 335 3249 ceruices,
354 3173 383 3229 in
407 3170 566 3250 Rostrisque
589 3172 705 3247 pofitas,
724 3177 771 3248 qui
790 3171 946 3228 multorum

77 3247 187 3305 civium
202 3247 328 3306 *salutem
363 3264 396 3306 ac
415 3247 578 3324 dignitatem
598 3248 755 3324 eloquentia
776 3243 949 3322 peperissent.

75 3320 167 3402 quim
182 3325 284 3384 multos
299 3341 333 3385 ex
347 3324 391 3384 illa
405 3326 561 3400 reipublicae
581 3323 743 3400 tempestate
766 3339 948 3382 commemo-

76 3416 140 3459 tare
151 3395 318 3476 poffumus,
337 3402 575 3463 innocenriffimos
596 3401 725 3460 homines
740 3441 749 3469 ‚
767 3413 851 3476 atque
873 3399 946 3472 opti·

76 3492 162 3551 mot,
182 3473 423 3563 utacerbifiinram
438 3481 627 3545 calamitatem
639 3476 816 3555 effugerent,
841 3475 949 3537 liberta-

889 3564 950 3612 itm
