2342 3892
164 10 191 55 ιθ

201 152 302 220 free
324 157 481 222 ortt-dfe
495 171 568 221 on
588 155 612 221 τ’
634 175 646 220 ι
666 154 711 220 n]
823 171 911 242 r4121

29 280 212 352 «repugnem,
230 273 334 335 ltcireo
347 272 475 334 dolorem
491 274 572 334 omni
589 291 625 333 ex
640 285 715 350 parte
736 271 913 350 improbare,

34 355 197 428 omnet'qtre
216 350 288 412 illius
314 369 350 412 ex
369 351 465 411 animo
487 350 736 410 libraterellendrs
749 351 913 414 existimare.

35 429 76 487 est
90 429 189 498 eninr,
208 429 447 505 quatenushorno
461 427 571 498 doleat,
591 430 638 499 ὅτ,
659 429 749 505 (quod
764 428 912 505 prudenter
931 471 934 502 ,

35 501 52 562 i
69 505 209 565 Crantore
220 505 330 566 dietum
345 506 414 575 est,l
432 503 490 565 srve
502 503 609 564 secetur
622 521 682 580 prrr
704 505 737 563 nli
760 523 793 566 ua
807 523 914 583 corpo-

32 581 87 650 ris,
105 583 169 641 ‘five
188 583 321 642 avellatur
331 622 346 653 ·,
377 581 466 642 sensus
487 594 582 641 tamen
604 579 693 640 adeffe
713 523 804 642 deber.
843 586 912 644 iiiuc

35 660 118 718 enim
132 658 330 728 nilrildolere‚
348 659 407 718 lieri
419 677 478 718 non
489 659 600 736 potest,
619 660 704 734 quin,
724 662 912 735 quemadmo·
1007 655 1010 668 ⁸

35 734 108 794 durn
124 737 264 796 feritatem
279 739 403 814 corporis
413 735 580 815 quandam,
607 733 645 793 fic
665 736 752 808 animi
770 738 912 812 stuporem

35 815 199 872 maximum
213 813 327 874 indicet.
347 813 400 872 Sed
415 816 547 872 nimirum
560 811 628 871 iilud
644 811 701 882 est,
721 816 914 893 quodimpro·

37 887 157 958 bamur,
172 890 268 949 dolori
283 907 336 950 not
347 890 419 964 ipsos
430 892 468 948 ira
479 891 604 959 tradere,
624 902 655 946 ut
669 890 786 949 inulirm
800 889 912 952 fortaile

36 967 200 1040 graviorem
215 982 253 1026 err
263 969 317 1026 alia
330 977 408 1043 parte
421 967 654 1041 vituperationem
668 966 829 1026 incidamus.
843 985 910 1028 nam

34 1043 363 1122 quemadmodum,qui
377 1044 446 1104 nihil
460 1043 566 1120 prorsus
581 1043 692 1112 doleat,
711 1043 857 1104 desciscere
868 1048 911 1104 viss
975 1064 976 1068 ¹
999 1107 1001 1110 ,

39 1121 141 1178 dearur
154 1121 190 1179 ab
202 1122 326 1182 hominis
338 1133 453 1189 natura,
471 1137 539 1198 quae
551 1132 645 1180 morte
665 1121 809 1194 perculsa,
830 1122 913 1182 dolo·n

35 1212 101 1256 rem
121 1213 155 1257 rte
168 1197 276 1257 ludium
289 1200 390 1276 aliquo
405 1195 494 1256 modo
507 1196 629 1256 indicare
644 1198 768 1272 cogitur:
789 1199 844 1269 ita,
862 1201 911 1275 qui

38 1271 136 1334 dolori
151 1273 235 1336 nimis
255 1276 413 1352 indulgent,
432 1275 564 1335 humanae
592 1280 697 1332 nrttrae
718 1275 826 1350 penitus
845 1276 916 1334 obli-

37 1351 135 1420 visci,
155 1367 398 1430 communemque
418 1353 548 1410 omnium
576 1349 770 1410 conditionem
793 1352 938 1419 recusare*

33 1427 342 1506 Judicabitur.³quibut
362 1429 442 1488 reb'ut
460 1428 642 1504 intelligitur,
661 1427 780 1503 graviter
799 1447 917 1506 peccare

37 1505 195 1574 homines,
214 1505 279 1565 oiim
295 1507 341 1566 vel
358 1523 415 1574 ea,
435 1521 501 1582 quae
521 1506 651 1570 omnibus
671 1506 832 1580 perferenda
854 1506 915 1565 subt

39 1580 197 1658 eundzque
210 1583 288 1653 sunt,
308 1582 460 1644 detrectare
470 1581 576 1641 ‘audent
593 1623 602 1650 ,
621 1584 667 1642 vel
683 1623 691 1650 ‚
709 1583 776 1658 quid
796 1583 871 1660 ipsos·
885 1585 916 1644 in

37 1659 104 1715 vita
117 1657 233 1728 deridet,
252 1671 375 1738 qu'aeque
388 1659 481 1736 sequi,
500 1672 548 1717 aut
561 1659 688 1734 refugere
702 1659 834 1729 debeant,
855 1679 917 1721 non

39 1747 167 1794 cernunt
181 1734 256 1798 'satie
294 1737 373 1814 quod
398 1736 539 1812 proprium
563 1736 716 1812 prudentiae
738 1753 839 1798 munus
862 1737 915 1798 este

39 1829 134 1886 quarn
150 1813 335 1876 humanarum
353 1814 498 1874 ultionum
520 1813 734 1874 moderatricem
756 1813 772 1873 ὲ
793 1815 843 1874 diis
864 1817 920 1874 im·

40 1888 210 1950 mortalilrus
223 1891 279 1951 elie
291 1892 486 1959 constitutam,
504 1888 619 1949 inficiari
632 1907 719 1950 nerno
740 1891 838 1966 potest.
877 1906 938 1970 ar·¹

40 1983 105 2102 aue
121 1967 188 2027 huic
208 1981 268 2029 tem
285 1970 419 2047 praeelaro
444 1968 598 2044 divinoque
613 1969 722 2044 muneri
742 1967 822 2042 plane
845 1967 919 2028 obfi-¹

67 2044 115 2112 it,
133 2046 184 2120 qui
203 2048 294 2106 nimio
317 2047 416 2107 dolore
435 2045 553 2105 ducitur.
590 2063 650 2104 non
674 2043 763 2104 modo
785 2047 860 2117 enim
891 2045 919 2105 se
971 2079 977 2100 r

41 2119 139 2196 ipsum
154 2119 212 2180 fine
225 2125 284 2182 ullo
302 2123 392 2183 frudlu
411 2122 541 2198 lacrymis
565 2139 599 2181 ae
619 2121 733 2181 trillitiae
754 2121 851 2192 tradit,
871 2123 918 2184 sed

41 2199 135 2255 etiam
150 2201 231 2277 omni
246 2200 328 2275 plane
341 2199 457 2271 consilio
476 2215 510 2256 ac
525 2198 635 2275 judicio
656 2210 746 2257 vadat.
771 2201 817 2258 ubi
840 2202 918 2260 enim

41 2275 138 2343 ratio,
157 2275 221 2355 srse
234 2278 334 2337 dolore
346 2277 446 2336 auferri
459 2275 527 2337 linat
543 2275 556 2333 i
576 2276 623 2334 ubi
637 2275 786 2334 constantia
802 2320 811 2347 ,
831 2276 850 2334 fi
871 2277 920 2338 fibi
971 2322 974 2328 s
991 2342 992 2355 p

41 2350 107 2428 ipse
122 2364 275 2430 repugnet,
295 2357 325 2414 dt
339 2356 368 2414 in
389 2351 639 2429 moerore'jaceat?
660 2354 706 2411 ubi
727 2353 848 2430 denique
868 2355 922 2415 hu*

41 2431 188 2501 manitas,
208 2431 228 2490 fi
250 2431 277 2490 se
295 2432 444 2490 hominem
463 2427 525 2488 erle·
545 2431 668 2498 oblitus,
688 2429 822 2490 nihil'ilbi
853 2448 921 2492 cum
1009 2493 1014 2502 ,

43 2520 146 2566 morte
160 2525 316 2567 commune
330 2507 384 2567 elie
403 2506 556 2585 contendat
570 2505 582 2564 ‚³
605 2507 673 2580 ¹Jarir
699 2507 766 2564 verb
779 2505 846 2566 illud
858 2509 923 2568 ttul-

42 2584 398 2655 tiflimum,·exillimate,
415 2601 481 2661 quae
494 2586 580 2642 ceteri
601 2584 730 2642 homines
748 2584 843 2644 libenti
864 2589 925 2646 ani·

44 2679 104 2721 mo
119 2660 250 2734 iubeant,
261 2663 301 2723 iis
315 2662 414 2723 senon
429 2660 482 2720 elie
495 2660 663 2722 obdridtum.
700 2661 768 2738 quid
782 2661 856 2720 enirn
867 2661 924 2723 dan

44 2742 181 2814 ignorare
196 2744 341 2818 quisquam
355 2740 459 2816 potest,
479 2750 582 2815 quanta
595 2740 666 2797 inter
677 2737 806 2796 homines
823 2756 927 2814 cognt-

45 2820 95 2877 tio
109 2817 157 2886 fir,
176 2833 337 2896 quantaque
351 2815 524 2877 similitudo?
543 2817 649 2882 etenim
667 2815 737 2885 ,nist
751 2816 808 2874 hoc
823 2833 923 2876 vetum

47 2896 225 2965 fateremur,
246 2895 335 2956 causae
349 2894 418 2954 nihil
430 2892 514 2962 effer,
534 2909 582 2951 cur
596 2893 686 2952 homo
700 2893 926 2952 hominemcon-

50 2970 138 3040 filio,
157 2967 204 3045 re,
224 2973 309 3050 gratini
326 2973 460 3048 juvaret:
481 2971 516 3028 ab
543 2971 666 3030 hoilium
688 2971 795 3044 impetu
815 2977 853 3026 ac'
875 2972 926 3029 lae-

48 3049 136 3107 stone
148 3049 319 3109 defenderet.
357 3049 434 3126 quod
447 3061 544 3107 contra
560 3047 687 3106 videmus
707 3045 853 3104 accidere:
877 3061 928 3118 ur,

51 3127 105 3202 qui
120 3124 156 3182 ab
176 3127 217 3187 his
237 3125 391 3184 unionibus
411 3138 517 3188 averrat
535 3127 661 3184 animum
675 3121 686 3191 ¹,
706 3141 766 3181 non
786 3121 876 3180 modo
898 3127 943 3183 in·

50 3203 157 3277 vulgus
170 3204 360 3280 improbetur,
380 3203 427 3261 sed
443 3203 525 3261 etiam
541 3201 748 3260 inhumanitatis
781 3216 814 3258 ac
835 3200 931 3259 feritaff

50 3279 90 3340 tis
104 3280 255 3348 accusetur.
274 3277 351 3340 cette
364 3282 439 3337 enirn
455 3277 544 3337 none
560 3295 701 3336 marmore
713 3274 816 3350 sculpti
822 3308 831 3346 ·,
851 3279 931 3337 autb

50 3355 160 3416 robore
175 3358 261 3418 dolati
274 3358 383 3416 sumus:
404 3356 484 3414 estin
504 3356 583 3414 nobis
605 3353 757 3430 quiddam,
776 3353 853 3428 quod
873 3357 933 3428 pie:

50 3449 114 3492 tate
141 3432 385 3510 misericordidque
405 3445 575 3502 moventur,
595 3449 649 3489 nec
671 3430 806 3504 exstingui,
819 3429 888 3489 sinat
903 3429 934 3489 il·

52 3511 136 3583 tam,
155 3528 212 3593 qua
227 3513 287 3573 Diis
301 3510 423 3591 proximi
438 3508 549 3580 sumus,
570 3507 688 3585 jurandi
711 3523 744 3567 re
760 3508 938 3568 benefacien-

851 3583 992 3650 ,(11-
