2342 3892
221 38 224 43 ¹
288 77 374 160 '4126
476 63 531 143 Μ.
552 17 1003 176 ‘TutnrrCrcrnonrt

243 218 245 226 v
267 222 269 225 ·
286 199 353 250 runt
365 190 442 253 enlm
458 207 494 250 ex
510 191 660 269 maioribus
674 191 770 254 nostris
784 188 944 270 complures
953 193 1013 271 ‚qui
1026 184 1123 269 sapientis

283 267 484 344 praestiterunt,
503 285 570 329 curn
585 271 614 330 in
629 269 679 330 diis
693 269 809 347 aequitas
831 269 974 345 praecipud
995 270 1091 346 rigeat,
1102 276 1123 324 n·

282 361 340 421 que
353 346 383 405 in
397 362 498 404 eorum
512 347 714 421 gubernatione
727 359 856 422 appareat
871 345 993 414 maxime
1003 388 1011 417 ‚
1022 345 1078 406 sieri
1090 359 1133 403 nn:

283 419 380 498 posse,
399 423 468 499 quin
491 424 645 500 nequitiam
676 423 832 498 sceleraque
853 423 1029 490 aversentur,
1048 413 1133 500 quiquel

283 515 318 557 aa
332 503 361 558 iu
376 499 432 558 vita
444 511 653 571 exercuerunt,
673 517 723 560 eos
739 497 755 558 i
773 499 799 558 se
821 497 882 575 ipss
896 497 1046 576 longissime
1060 501 1123 575 sejun

280 589 359 652 gant.
396 574 475 653 quod
491 578 521 636 in
535 576 632 654 vulgus
646 578 708 648 edi,
729 593 884 652 verumque
906 577 1048 636 existimari
1064 620 1073 648 ‚
1090 589 1122 633 ru

283 652 376 714 modo
390 654 490 712 rationr
504 653 746 720 conueniens.sed
759 653 826 712 utile
839 670 954 730 quoque
966 654 995 713 in
1008 649 1124 730 primisel

281 730 419 791 futurum.
455 746 541 800 nam,
560 727 660 808 siquid
673 730 701 790 in
714 729 866 803 huminum
880 730 977 790 animis
991 721 1124 805 pietatus

280 807 349 882 quid
364 807 502 883 religionis
516 807 617 874 inerit.
635 803 709 866 certe
724 806 762 866 ob
775 807 848 866 hanc
861 805 1030 882 potiffimbm
1044 805 1125 866 caulrn

282 883 344 944 sed
366 883 472 962 flagitiis
497 899 531 942 ac
550 883 717 945 facinoribus
739 881 911 946 abstinebunt
944 881 1020 959 qubd
1041 885 1124 959 impin

282 977 317 1020 ac
331 963 453 1021 nefarios
466 961 595 1020 homines
615 959 632 1019 l
667 959 796 1020 Deorum
830 958 954 1019 concilio
973 976 1004 1017 ac
1023 959 1125 1019 socient

280 1039 368 1098 arceri
377 1036 549 1114 iudicabunt.
577 1037 640 1096 Nec
653 1035 731 1096 enim
746 1035 878 1096 omnibus
898 1037 985 1096 iidem
999 1035 1037 1096 illi
1050 1037 1126 1112 sapiu·

281 1126 323 1174 tes
336 1115 456 1174 arbitrari
467 1113 530 1173 sont
542 1113 665 1173 eundem
680 1111 788 1174 cursum
801 1113 832 1178 in
846 1111 1070 1190 coelumpatere
1090 1127 1126 1172 nn.

279 1192 353 1250 uitiis
368 1190 556 1251 &sceleribus
575 1189 799 1260 contaminatos,
820 1188 941 1263 deprimi
959 1189 1127 1252 intenebrat,

41 1314 45 1324 .
154 1298 157 1302 ·
277 1280 362 1346 atque
375 1269 405 1328 in
420 1283 503 1328 caeno
513 1267 608 1343 jacere
622 1265 787 1326 docuerunn
824 1265 912 1327 castos
926 1279 1024 1326 autem
1040 1269 1127 1328 aninn

277 1361 381 1421 puros,
400 1346 538 1420 integros,
557 1342 750 1416 incorruptos.
769 1341 850 1404 bouis
870 1343 956 1402 etiarn
997 1343 1089 1404 studiis
1109 1357 1126 1397 u·

230 1456 233 1468 .
299 1438 335 1480 ue
348 1421 449 1482 artibus
459 1419 614 1496 expolitos,
633 1417 689 1478 leni
709 1417 862 1496 quodam,
880 1436 914 1478 ac
935 1419 1011 1480 sacili
1032 1415 1125 1496 lapsuri

310 1515 376 1567 eos,
397 1496 495 1566 idest,
514 1494 549 1555 ad
563 1505 689 1556 naturam
704 1495 744 1556 sui
758 1495 876 1556 similem
886 1497 1060 1584 ,pervolare
1079 1509 1122 1574 qun

276 1573 350 1634 fiita
362 1575 402 1634 esi
417 1617 427 1646 ‚
445 1571 521 1633 certe
535 1573 638 1643 nobis,
664 1584 801 1649 quantum
820 1573 929 1632 conniti
949 1574 1051 1636 auimo
1066 1569 1124 1650 poll·

271 1662 358 1722 ‚mun
398 1664 514 1711 uantum
529 1649 575 1709 dili
596 1647 671 1712 entis
684 1649 834 1728 consequi,
862 1649 1093 1710 contendendum
1110 1661 1124 1702 t·

276 1745 334 1806 qne
348 1730 391 1789 ela
430 1727 547 1788 randum
562 1667 619 1798 el,
637 1739 721 1788 utne
734 1725 768 1784 ab
783 1727 814 1786 iis
828 1724 1123 1805 segregemur,quorur

277 1803 318 1864 eli
330 1807 473 1882 proprium
487 1805 544 1863 vita
556 1803 611 1862 srui
626 1801 792 1880 sempiterna
818 1818 851 1860 ac
873 1801 961 1862 beata.
1000 1804 1081 1880 quod
1094 1799 1124 1860 ei·

276 1898 342 1941 cere
378 1884 405 1942 ui
421 1880 541 1942 voluerit
559 1882 672 1950 (ornnes
686 1890 782 1939 autern
797 1879 867 1940 velle
883 1876 1046 1952 debebunt,
1065 1880 1106 1958 qui
1116 1876 1126 1932 r

275 1956 348 2034 ipsos
383 1959 494 2036 spem,
511 1957 768 2035 convenienterque
790 1967 897 2016 naturae
918 1954 1020 2016 volent
1049 1954 1127 2016 rivers

275 2051 345 2096 num
368 2050 433 2096 uam
456 2032 619 2095 committet
638 2071 647 2104 ,
667 2043 721 2102 ut,
740 2049 807 2110 quae
832 2031 929 2092 ceteris
947 2034 1066 2094 exitiosa
1087 2033 1126 2091 sorr

274 2053 447 2183 morlens,
465 2129 499 2171 ea
511 2109 568 2188 ipse
590 2109 775 2187 persequatur.
812 2125 905 2186 neque
925 2111 1006 2170 enim
1027 2112 1057 2172 in
1074 2107 1125 2196 spen

275 2189 374 2249 venire
434 2189 525 2260 terit,
543 2198 592 2246 aut
612 2189 787 2263 ignoraturos
813 2184 868 2246 ene
890 2185 991 2260 Deos,
1010 2205 1077 2265 quae
1096 2199 1124 2257 rpt·

273 2277 356 2341 agat,
374 2205 439 2325 elli
455 2265 578 2325 diuinam
592 2278 719 2332 naturam
732 2263 803 2326 nihil
814 2265 954 2339 praeterire
969 2265 1098 2326 credibile
1107 2261 1122 2316 1³:

275 2353 325 2401 aut
336 2341 379 2402 illa
393 2342 571 2417 probaturos,
591 2339 722 2417 aquibus
733 2360 791 2402 nou
808 2339 898 2401 modb
919 2340 959 2402 dii
974 2333 989 2411 ‚³
1005 2341 1054 2401 sed
1068 2341 1119 2398 erin

274 2417 332 2481 sani
345 2419 476 2478 homines
488 2421 663 2478 abhorreant.
698 2417 766 2494 quid
786 2418 863 2478 enim
886 2421 994 2494 turpius
1008 2419 1120 2478 libidiut'

275 2493 346 2572 quid
363 2497 469 2554 taetrius
485 2491 626 2555 avaritia?
653 2495 722 2570 quid
750 2492 929 2556 detestabilius
958 2493 1133 2554 crudelitatel

228 2582 235 2590 ’
275 2587 343 2649 quae
354 2576 487 2649 quamvis
501 2575 529 2631 in
544 2571 704 2630 nominibus
717 2569 866 2648 aliquando
887 2570 1038 2641 exultant,
1059 2581 1121 2650 taur

276 2650 312 2707 ab
326 2651 448 2712 bominis
461 2661 556 2710 natura
573 2660 631 2706 tam
646 2647 733 2706 aliena
747 2649 824 2714 sunt.
844 2645 931 2723 quim
944 2647 1126 2708 humanunu·

275 2723 324 2785 lud
339 2729 410 2797 erit,
428 2726 558 2788 fiornnra
570 2723 651 2782 nobis
666 2723 758 2791 bona,
776 2726 930 2800 omniaque
937 2723 1128 2785 commodas·

275 2814 412 2878 petamus.
453 2815 538 2880 atque
551 2800 581 2859 in
594 2801 649 2860 hoc
665 2801 888 2876 comprimendae
901 2807 962 2862 sunt
977 2802 1128 2878 cupidiores.

273 2879 373 2955 quibus
385 2876 648 2954 trahimurpersaepe
659 2875 697 2936 ad
708 2894 758 2948 ea,
778 2893 844 2954 quae
858 2879 950 2938 virtuti
965 2877 1129 2936 adversandi

274 2955 355 3031 quod
368 2955 500 3019 facillime
514 2951 657 3032 perficiet,
677 2953 726 3028 qui
738 2967 796 3014 tarn
810 2953 921 3031 potios
945 2955 1085 3016 facinoris
1098 2965 1129 3007 er·

273 3042 335 3091 tum
350 3035 443 3096 secum
457 3033 513 3108 ipse
526 3029 628 3090 affidud
640 3030 781 3104 cogitabit.
806 3041 938 3108 tantaque
951 3029 990 3089 est
1005 3033 1094 3105 hujus
1105 3041 1133 3110 cn

219 3153 225 3162 .
264 3109 416 3183 ‘gitationis
439 3111 580 3177 suavitas,
612 3120 673 3175 ut,
707 3107 785 3183 qubd
812 3107 929 3168 libenter
967 3107 1133 3174 alacrrrernr

275 3190 404 3256 agimus,
425 3187 507 3246 etiam
530 3183 589 3244 fine
610 3182 705 3244 labore
724 3199 896 3260 peragamus.
929 3181 1025 3260 idque
1041 3186 1072 3242 in
1087 3185 1133 3258 t¹²l

273 3257 420 3334 stantibus,
439 3262 581 3337 laudisque
603 3261 794 3336 appetentibus
814 3259 975 3322 bominibus
1001 3258 1088 3320 facite
1100 3267 1133 3337 cdl

276 3340 361 3401 nitur.
396 3356 519 3417 quorum
533 3350 609 3396 tanta
623 3333 679 3394 elle
690 3337 758 3396 solet
771 3335 817 3397 vel
830 3339 857 3398 in
879 3337 1023 3400 obeundis
1045 3332 1133 3410 proelni

279 3416 328 3476 vel
338 3415 369 3478 ln
382 3415 496 3494 suendis
508 3413 611 3488 eausa,
629 3411 677 3478 uel
687 3413 718 3476 iu
731 3413 957 3482 centurionibus
970 3405 1133 3538 prorepubfl
