2342 3892
231 164 337 235 ertox
416 139 472 214 M.
490 147 661 211 Turrrr
682 136 938 210 cretionis

165 239 180 264 ⁹
231 256 316 316 trahit
330 297 341 326 ‚
353 272 356 278 ·
368 249 490 336 quibus,
508 248 604 332 quoad
627 249 748 339 uiuimus
762 251 828 339 ‚iu
849 263 928 313 tauta
947 247 1115 325 opinionum

234 335 394 405 varietate,
413 333 570 471 alliduaqne
591 343 650 388 vett
669 326 849 404 mquifittone
873 329 1027 405 perturbari
1047 329 1115 404 saepe

234 409 374 479 solemus,
393 413 474 470 &ad
494 410 579 486 iparu
602 405 772 472 cernendam
806 405 1014 482 fruendamque
1049 407 1117 464 aeri·

234 497 323 554 ntem
334 487 460 563 jucunde
474 484 603 544 traducit.
644 499 703 558 quo
717 480 786 550 nibil
799 481 906 540 beatius
920 481 1116 556 bominipolle

232 565 415 640 contingere,
433 562 512 630 fatis,
532 576 564 619 ut
577 558 806 624 arbitromexeo
821 557 949 646 suspicari
965 557 1116 638 polluntur,

232 639 315 716 quod
327 643 423 711 inuata
438 640 476 699 est
490 637 602 698 homini
617 634 752 711 cupiditas
774 635 918 696 scientiae:
941 637 1005 712 ejus
1023 651 1117 696 aurern

234 717 460 794 praestantianon
473 714 537 779 sane
553 714 656 780 video,
673 727 730 848 gua
744 712 796 770 alia
809 714 839 772 in
853 729 908 782 re,
927 713 982 772 uili
1005 715 1037 772 in
1062 732 1118 788 per·

234 793 310 852 feda
324 795 445 852 veritatis
454 791 621 868 cognitione
634 807 672 864 po
692 803 721 848 ta
736 787 776 847 fit.
797 807 833 848 ex
847 807 907 865 quo
922 788 953 848 fir
969 833 979 858 ‚
1001 805 1036 848 ut
1052 792 1118 847 veri-

234 872 297 930 tatis
311 872 504 946 cognitionem
519 865 650 935 assecuti,
688 865 809 939 perfedla
830 865 1012 942 ausoniaque
1033 865 1118 925 ¹seien-

235 948 275 1004 tia
289 949 437 1023 potiamur.
454 943 642 1020 aerdquediei
655 941 762 1016 potest,
780 945 828 1019 qui
842 944 991 1002 veritatem
1009 944 1117 1002 intuea-

236 1035 300 1093 rur,
317 1023 450 1100 sensuque
463 1022 618 1098 pereipiat.
638 1037 705 1089 euru
721 1021 782 1084 rori
794 1019 833 1078 fui
851 1033 1024 1096 compotem
1042 1062 1052 1088 ‚
1074 1039 1117 1078 ve-

236 1098 324 1176 reque
337 1101 449 1160 beatum
464 1096 528 1158 ello.
565 1093 679 1173 quudfi
695 1096 774 1162 beata
790 1097 849 1156 vita
864 1097 1020 1173 quaereuda
1034 1098 1114 1156 nobis

235 1176 291 1245 est,
311 1194 364 1236 nee
379 1178 532 1254 quidquam
547 1173 711 1248 fugiendum
729 1173 928 1249 magie,quim
943 1191 983 1233 ne
998 1174 1117 1236 miseria

236 1270 301 1312 rum
313 1255 447 1329 gravitate
460 1267 635 1328 premamur:
656 1249 786 1326 quid-illo
800 1249 1054 1321 homiuestultius,
1073 1263 1119 1310 aut

235 1329 359 1389 stolidius
373 1331 485 1406 reperiri
499 1327 605 1405 potest,
624 1327 673 1402 qui
687 1339 845 1386 cetetonem
861 1339 956 1394 morte
979 1330 1019 1386 ita
1041 1330 1116 1403 angi·

235 1417 299 1477 tur,
318 1420 349 1465 ut
364 1407 453 1466 benrae
467 1407 535 1466 vitae
553 1404 677 1472 oblitus,
716 1403 844 1462 miseram
863 1415 949 1480 atque
971 1404 1113 1464 infelicem

235 1482 396 1544 conseilletu
422 1482 583 1558 fprofaflb
606 1482 682 1540 eninr
702 1481 739 1540 ita
763 1481 790 1540 se
811 1499 853 1541 res
866 1481 975 1549 habet,
997 1494 1047 1551 ut,
1068 1482 1114 1541 nii

235 1561 335 1619 mortis
363 1503 523 1637 dolorisque
544 1560 648 1618 timore
659 1557 795 1622 liberatus
807 1558 856 1628 lit,
876 1559 963 1618 etiam
980 1556 1001 1616 ss
1016 1560 1113 1618 multu

238 1637 364 1713 cognitas
389 1651 588 1714 perceptasque
602 1637 716 1694 virtuter
735 1633 859 1704 habeat,
897 1634 1113 1712 testumque&

238 1730 353 1846 affluum
375 1715 456 1774 omni
477 1713 558 1789 plane
576 1712 685 1776 utilitati
705 1724 879 1787 anteponat,
900 1711 998 1772 beatus
1019 1726 1110 1771 tamen

180 1811 185 1818 ·
237 1807 395 1851 eenemo
410 1791 498 1867 poffit.
536 1789 604 1866 quid
618 1789 693 1848 enim
709 1789 783 1848 aliud
798 1789 880 1848 dolor
895 1788 957 1857 est,
984 1788 1038 1850 uili
1058 1807 1112 1848 eru·

188 1885 190 1897 ·
236 1867 324 1926 cintus
337 1862 440 1936 animi,
461 1869 540 1944 itque
554 1863 730 1943 perpetuus?
750 1865 818 1941 quid
838 1866 911 1925 aliud
930 1868 1023 1926 timor
1039 1907 1049 1936 ,
1068 1865 1112 1925 niti

237 1938 354 2002 affiduus
370 1944 517 2004 invisarum
531 1961 564 2002 ae
580 1941 756 2005 molellarum
772 1959 864 2002 rerum
878 1943 995 2002 metus?
1017 1956 1110 2019 atquo

237 2019 330 2080 modo
344 2022 429 2090 felix,
447 2034 494 2099 nur
507 2023 601 2080 beatus
615 2017 669 2078 effe
685 2019 808 2092 poterit,
825 2018 874 2096 qui
886 2019 996 2079 affiduo
1012 2022 1113 2080 erucia-

237 2108 271 2155 tu
296 2111 354 2156 met
394 2116 430 2158 ue
445 2094 603 2172 urgebitur?
644 2097 723 2170 Quin
735 2092 775 2156 seo
785 2097 909 2156 miserior
936 2099 1111 2172 atque-iufe-

162 2202 168 2214 ι
236 2173 347 2232 liciore
367 2175 372 2186 “
398 2174 587 2241 mandeba,
607 2171 685 2248 qubd
699 2191 760 2246 non
775 2171 867 2234 foliam
888 2173 938 2234 fibi
958 2174 1008 2250 ipfi
1025 2176 1111 2232 mole-

237 2250 316 2309 fliam
337 2251 532 2326 miseriamque
545 2248 739 2326 ”comparabim
758 2249 846 2308 sedin
860 2263 1021 2310 ceterorum
1031 2254 1111 2310 eriam

236 2327 398 2392 sermonem
425 2346 459 2388 ac
481 2328 714 2403 vituperationem
728 2327 860 2386 incurret.
898 2327 967 2388 nibil
983 2329 1062 2388 enim
1077 2330 1113 2388 ni·

240 2404 303 2462 mio
318 2405 417 2464 dolore
432 2405 603 2473 deformius,
623 2401 719 2462 nihili
737 2403 798 2462 vito
814 2403 938 2464 alieuius.
957 2406 1041 2474 &,fi
1059 2423 1113 2462 eor-

239 2481 315 2559 poris
325 2482 500 2556 pravitatibus
514 2482 681 2556 vituperatio
696 2479 834 2554 proposita
850 2481 889 2540 eft
903 2521 912 2549 ‚
941 2483 1017 2540 vitiis
1031 2483 1110 2558 ipris,

238 2558 339 2634 quibus
351 2558 457 2618 laborat
469 2558 594 2625 animur,
613 2557 681 2616 nihil
694 2557 887 2631 turpitudinis,
906 2559 978 2618 nihil
989 2561 1112 2620 inuretur

237 2633 386 2693 infamiae?
409 2636 455 2693 llla
471 2634 539 2694 verb
554 2637 583 2694 δι
597 2635 723 2708 graviora
737 2633 814 2703 sunt,
829 2635 859 2694 ὃ(
872 2637 973 2712 majori
988 2637 1111 2696 animad-

237 2711 366 2770 verlione
384 2712 573 2781 uindicanda,
598 2727 657 2786 quo
680 2708 874 2781 nobiliorem,
903 2713 992 2788 quam
1015 2730 1110 2788 eorpus

240 2787 298 2855 est,
317 2787 410 2847 sedem
433 2830 444 2858 ,
473 2788 579 2864 nempe
606 2788 733 2845 animum
755 2785 868 2862 ipsum,
894 2803 1112 2865 occupaverunt.

239 2863 318 2941 qubd
341 2864 363 2922 fi
378 2867 465 2941 turpis
483 2864 565 2924 dolor
585 2863 687 2923 nimius
702 2903 712 2931 ,
732 2865 763 2923 &
776 2866 983 2938 vituperatione
996 2868 1113 2943 dignus,

237 2939 316 3000 certe
327 2941 393 3000 illud
405 2941 613 3019 consequetur,
633 2955 687 3008 ut,
708 2942 757 3016 qui
777 2943 868 3000 nimio
886 2943 979 3002 dolori
998 2943 1109 3020 seipsum

238 3019 346 3087 tradar,
366 3035 402 3076 ue
416 3018 498 3079 laude
511 3018 626 3094 quidem
642 3018 696 3076 ulla
709 3019 807 3094 dignun
821 3017 971 3080 censeatur.
992 3021 1033 3079 est
1042 3024 1111 3080 enim

238 3095 318 3153 seties
331 3095 462 3172 quaedam
479 3093 603 3154 maxime
618 3095 726 3154 veritati
744 3095 945 3165 consentanea,
963 3109 995 3154 ut
1009 3098 1113 3158 senten·

236 3173 362 3240 riarum,
389 3171 427 3229 lic
454 3189 572 3231 rerum:
612 3171 906 3246 &quemadmodum
933 3173 964 3232 in
989 3173 1111 3232 sermone

233 3248 476 3325 disputationeque
490 3250 580 3308 nollra
596 3247 713 3307 neflirur
728 3247 801 3320 aliud
815 3265 850 3308 ex
866 3250 920 3307 alio
937 3291 947 3317 ,
967 3249 1007 3308 ira
1029 3252 1110 3328 quise

232 3340 288 3380 una
307 3325 398 3399 aliqua
417 3327 464 3384 vel
484 3326 689 3391 deformitate.
718 3326 763 3384 vel
783 3325 956 3400 turpitudine
979 3328 1108 3402 implicari

232 3401 349 3472 paritur,
369 3401 463 3460 multis
482 3402 571 3462 statim
593 3401 706 3460 miseriis
723 3418 756 3460 ac
778 3401 1003 3471 deformitatibus
1023 3405 1109 3479 oppri·

231 3491 333 3536 inetur.
376 3479 441 3537 Nec
454 3477 522 3541 vero
534 3479 611 3540 credi
626 3477 728 3550 uelim,
747 3495 815 3551 me,
834 3479 906 3556 quie
917 3479 1010 3550 dolori
1023 3483 1107 3552 nimio
1147 3547 1148 3552 η

1068 3569 1148 3626 rer

1053 3649 1059 3653 ·
1147 3639 1148 3670 l
