2342 3892
812 13 838 55 'x

265 149 348 216 4110
448 127 500 196 M
522 129 689 197 Tonnrr
711 107 964 199 ciceronis

262 243 298 300 tis
312 237 400 306 vero,
420 237 456 297 de
466 255 522 316 qua
531 239 702 313 potislinrum
718 241 839 316 cogitare
853 239 1005 298 debuerant
1015 235 1067 306 ,itt
1075 255 1128 298 nnn

262 317 473 376 reminiscuntur
481 329 497 384 ,·
510 331 540 374 ut
556 315 591 374 ad
605 316 631 374 se
645 315 793 381 minimum
809 317 885 376 illem
907 316 1065 392 pertinere.
1082 333 1124 374 nec

262 393 308 452 sna
324 392 477 469 quidquam
499 390 625 451 interesse
648 387 812 453 entissimeht.
847 394 924 468 qui,
946 405 977 450 ut
1002 391 1126 450 Panaetius

262 469 427 528 Africanum
448 467 541 526 dicere
561 469 673 529 solitum
689 471 771 530 tradit
788 513 796 537 ,
816 470 969 528 ferociores
984 486 1074 544 equos
1086 470 1126 526 dn·

263 547 410 605 mitoribus
428 544 575 603 tradendos
596 543 674 614 effe,
700 560 730 606 nt
746 547 884 623 paullatim
910 542 1009 621 partire
1028 587 1036 612 ‚
1056 547 1126 622 seque

240 673 245 682 ,
262 623 388 681 mitiores
415 639 449 678 ac
474 623 616 682 molliores
630 623 751 698 praebere
766 624 916 696 incipiant:
937 621 975 679 src
989 620 1040 696 ipsi
1056 623 1082 680 in
1090 639 1127 698 gy-

261 714 325 757 rum
348 698 516 757 fortitudinis
536 711 569 757 ac
592 703 731 774 patientiae
754 699 903 759 reducendi
928 699 1018 766 sunt,
1038 716 1075 757 ne
1091 698 1126 766 ‚i

262 791 339 833 mors
354 774 541 850 imprudentes
556 773 716 850 oppresserit
733 818 741 843 ,
762 788 965 852 perterreantnr
1003 773 1127 850 planeque

233 865 234 869 ’
260 852 419 915 concidant.
458 851 511 909 Sed
540 851 712 929 nescioquo
737 853 826 912 modo
847 851 994 926 voluptate
1014 852 1128 925 luxuque

260 927 551 1008 desinira0hominnm
581 927 753 994 consuetudo
775 929 810 987 de
833 929 906 987 reeta
923 928 1070 1002 majorum
1084 931 1128 986 vita

261 1004 390 1073 deflexit,
411 1004 504 1080 eoque
520 1003 616 1062 sensim
632 1002 720 1064 delata
736 1003 773 1064 est
783 1018 830 1074 ,ut
844 1004 913 1063 nihil
929 1003 1126 1082 minqun‘am

260 1097 358 1140 terum
370 1077 546 1158 ,'rgnoscat,
565 1099 636 1150 nec,
656 1081 719 1140 cium
730 1080 833 1157 aliquid
844 1083 953 1156 agitur,
973 1081 1084 1140 rectum
1098 1083 1127 1146 id,

260 1173 352 1218 necne
367 1156 420 1236 sir,
439 1175 610 1234 magnopere
627 1161 740 1234 cogitet.
779 1176 834 1234 qua
851 1158 929 1216 nulla
953 1161 1050 1234 major
1064 1159 1128 1233 pesir

260 1251 295 1292 ac
308 1236 443 1310 pernicies
459 1235 585 1292 humanit
601 1234 698 1306 rebus,
719 1234 798 1294 valde
808 1235 868 1310 jam
884 1235 1127 1310 labefactatum

260 1313 315 1370 tuit
327 1310 426 1370 afferri.
445 1311 521 1386 itqui
539 1352 548 1380 ,
574 1309 594 1368 fi
608 1312 636 1368 in
648 1312 705 1371 ullo
720 1312 859 1380 homine,
879 1309 956 1370 certe
974 1314 1006 1370 in
1020 1313 1062 1371 his
1077 1311 1127 1385 ipiir

260 1388 374 1463 vulgare
388 1387 493 1447 ditium
508 1389 537 1446 ἃ
553 1402 670 1456 verum,
689 1391 719 1447 dt
741 1387 822 1447 acute
841 1389 999 1463 cogitatum
1017 1387 1070 1447 effe
1087 1390 1127 1444 de·

261 1465 447 1540 prehenditur.
485 1464 553 1539 quid
566 1465 640 1525 eninr
656 1464 695 1523 isti
710 1463 783 1525 aliud
796 1477 900 1540 agunt,
921 1463 974 1522 nisi
990 1479 1067 1524 totos
1080 1467 1126 1522 dier

262 1557 312 1614 per
323 1543 449 1600 inertiam
466 1541 600 1615 perdunt,
619 1553 704 1617 atque
716 1545 754 1600 ira
767 1542 867 1600 vivunt
881 1583 891 1610 ,
903 1548 945 1600 ‘ut
958 1541 1073 1600 stertere
1087 1559 1123 1616 pn

261 1614 315 1674 tiirs
327 1615 412 1692 quarn
429 1618 487 1676 ullo
502 1617 584 1692 petio
599 1619 696 1678 vive'te
711 1615 876 1677 videantur?
887 1617 1121 1678 dormiensauten

263 1694 377 1764 utinihil
391 1693 488 1763 sentit,
507 1693 576 1752 nihil
591 1695 664 1768 agit,
683 1695 753 1754 nihil
768 1707 861 1753 curat:
883 1693 920 1752 fic
932 1693 1120 1772 mortuusqud

261 1786 360 1846 agere,
379 1771 446 1846 quid
460 1788 571 1838 curare,
591 1783 638 1829 aut
651 1769 750 1830 sentire
764 1771 863 1845 possit,
883 1769 959 1830 haud
976 1771 1043 1832 sane
1061 1771 1120 1831 intel

260 1846 337 1921 ligas.
355 1848 449 1924 itaque
470 1847 499 1905 in
519 1848 632 1916 sabulis,
651 1865 722 1925 quos
742 1847 779 1906 dii
803 1845 928 1906 maxime
958 1845 1123 1910 adamarunt.

263 1939 331 1991 eoa,
350 1941 387 1982 ne
401 1924 596 1982 imminentem
612 1924 732 2001 aliquam
749 1923 934 1983 calamitatem
945 1923 1048 1986 sentire
1057 1941 1123 1998 coge

262 2013 382 2068 rentur,
409 1998 617 2075 strigiiassent,
645 1998 661 2059 ”a
682 2001 732 2060 diis
752 2001 955 2060 immortalibus
979 2001 1124 2074 consopitur

262 2074 318 2134 esse
333 2079 499 2149 accepimus.
520 2092 641 2135 mortem
654 2080 737 2153 igitur
753 2099 766 2147 ,-
781 2077 917 2154 siquidem
933 2077 1122 2138 somnnsimilr:

264 2151 304 2210 est
314 2194 323 2222 ,
333 2151 440 2228 singulis
453 2152 580 2212 nostibus
594 2154 751 2222 induimus,
770 2157 816 2222 δι,
838 2151 900 2212 citrn
916 2154 945 2211 in
960 2153 1067 2214 somno
1079 2155 1121 2213 sen

262 2228 306 2286 sus
324 2228 355 2286 srt
367 2227 448 2304 piane
462 2230 683 2298 nullus,nullum
697 2233 780 2290 eriam
796 2232 823 2290 in
838 2241 930 2290 morte
943 2227 1119 2290 futurumerit

261 2305 367 2364 sensum
385 2349 393 2371 ,
414 2304 551 2364 veriffitue
577 2305 692 2366 statuere
719 2307 860 2367 dehemue
899 2305 982 2381 quod
1011 2321 1044 2366 ut
1058 2305 1119 2367 rent

262 2381 322 2456 ipso
336 2380 417 2457 ptrue
431 2384 595 2458 percipitur,
616 2383 651 2442 lic
665 2383 700 2442 tie
720 2383 755 2443 de
777 2386 863 2442 altero
884 2382 1004 2458 quidem
1021 2385 1120 2444 dubitur

264 2458 324 2518 ullo
338 2458 420 2534 paeto
433 2459 538 2532 potest,
555 2462 644 2536 quin,
660 2459 754 2536 quales
769 2457 855 2530 ente,
874 2456 961 2534 quarn
981 2461 1125 2524 oriremnr.

263 2533 386 2605 suimus,
405 2535 472 2593 tales
493 2539 576 2594 etiam
600 2539 703 2596 mortui
726 2537 813 2596 futuri
833 2535 927 2596 simut.
965 2553 1050 2598 mors
1066 2540 1123 2596 eninr

263 2611 506 2688 quemadmodum
518 2612 553 2669 ad
566 2629 658 2682 curn,
683 2615 732 2689 qui
754 2612 882 2672 nondum
903 2625 983 2672 onus
996 2614 1056 2684 est,
1074 2611 1127 2672 nihil

263 2689 412 2822 pertinuit,
432 2689 469 2746 src
484 2689 570 2747 need
585 2705 651 2748 euru
666 2689 798 2764 quidem,
819 2690 867 2766 qui
885 2691 1080 2760 mortuusesl,
1098 2688 1128 2745 ul·

275 2781 290 2821 a
306 2766 413 2823 ratione
428 2766 580 2837 pertinebit.
618 2766 652 2824 ad
669 2768 836 2826 morientem
854 2763 922 2824 terh
937 2766 984 2824 vel
999 2765 1140 2842 nihilmel

264 2857 361 2915 parurn
386 2838 461 2899 certe
481 2845 609 2915 pertinet.
645 2839 780 2918 siquidem
807 2857 865 2902 tarn
888 2842 1008 2918 angusto
1031 2843 1140 2918 spretio,¹

264 2931 380 2992 tamque
396 2918 471 2976 breti
489 2919 625 2976 curriculo
638 2933 797 2988 coercetur,
817 2934 848 2978 ut
870 2936 925 2977 nec
946 2915 966 2975 fi
990 2920 1064 2980 velit
1077 2920 1127 2996 qui·

265 2994 351 3062 dem,
368 2995 439 3052 viret
452 2994 510 3053 suas
524 2995 642 3054 nimium
658 2995 814 3071 porrigere,
825 3009 878 3072 xaut
896 2995 1039 3068 explicare
1054 2997 1128 3072 possit.

237 3101 240 3106 ·
266 3073 345 3144 Quae
358 3070 395 3130 esi
408 3071 490 3146 igitur
503 3087 602 3130 eornm
620 3073 729 3140 orario,
749 3073 796 3146 qui
814 3080 921 3130 tuntum
936 3074 963 3127 in
979 3088 1078 3131 morte
1089 3073 1129 3130 do·

267 3146 357 3205 lorern
373 3146 400 3205 se
419 3151 518 3205 timere
543 3161 628 3223 atque
651 3149 831 3224 expavescere
853 3147 983 3206 dictitant
1005 3146 1019 3207 ἒ
1038 3165 1130 3225 qnam·

267 3239 354 3297 quam
371 3240 430 3282 non
442 3221 504 3282 sane
516 3225 601 3282 rideo
616 3239 703 3299 ,quo
724 3225 813 3284 modo
828 3221 905 3284 aliter
920 3225 1016 3284 iacere
1028 3225 1139 3300 polline]

267 3301 317 3370 qni
333 3299 408 3357 enim
422 3311 545 3358 mortem
560 3317 715 3376 numquam
728 3302 838 3378 experti
857 3299 932 3368 sint,
952 3317 1039 3376 quam
1056 3299 1132 3360 semel

268 3371 359 3431 homo
372 3374 508 3434 subiturus
522 3375 560 3434 cst
569 3413 588 3445 ‚„
598 3393 657 3454 quo
678 3376 788 3447 medo,
806 3378 880 3436 bone
900 3376 1012 3436 malane
1025 3375 1079 3448 fit,
1093 3393 1135 3435 re·

270 3444 302 3509 re
313 3447 424 3513 sentire:
437 3464 470 3513 at
482 3451 635 3536 dijudicate
648 3450 785 3538 poliunt}
803 3453 961 3538 suadenter
979 3451 1060 3534 ijunt
1075 3469 1137 3540 'crp-

1057 3545 1134 3600 tran,
