2342 3892
266 110 698 190 Consounrto
848 145 932 210 pm

23 225 172 301 ptisque
186 220 282 283 castris
293 223 444 300 torpissimb
456 223 564 294 vidus,
575 223 606 282 in
624 223 765 286 servorum
781 241 878 288 manus
892 232 934 290 vir

23 302 184 360 ummus
215 303 245 360 δι
265 299 423 361 clariffimus
437 301 541 361 incidit.
561 305 618 359 vita
640 301 708 360 verb
724 317 754 362 ut
775 305 931 365 miserabili-

23 395 64 437 er
85 377 238 454 privatus
250 376 309 446 srt,
329 373 555 437 comni'emorare
574 378 642 436 nihil
662 378 699 454 est
720 380 843 440 neceller
864 383 930 442 cun

23 474 62 514 :o
86 453 189 529 ipso,
211 453 307 531 quod,
327 455 422 514 iuram
437 453 562 514 miseram
576 454 716 513 fortunam
732 455 868 533 delapsus,
888 461 932 518 vi·

23 550 92 590 am
127 530 200 588 cito
217 531 361 602 amiserit,
380 534 472 591 minus
492 528 604 588 fortalle
627 530 705 590 miser
725 533 827 593 censeri
843 536 933 611 poffit.

23 605 230 666 ‚eatiffimus
243 621 337 666 autem
353 605 482 676 obiisset,
503 605 541 674 sr,
560 606 626 664 clim
637 609 664 665 in
681 608 830 684 Republica
851 611 934 672 flore·
962 673 965 678 ,

23 699 75 744 rat
101 727 114 752 ,
161 685 232 743 ciam
255 683 364 744 valebat
384 683 546 743 auctoritate
564 684 596 742 bc
617 685 725 758 gratia,
758 684 821 746 cirin
844 687 931 763 copiis

23 761 219 837 ›pibusque
232 756 380 832 affluebat,
398 760 415 820 ὲ
432 762 486 819 vita
501 757 657 819 deceffillet.
676 763 753 838 quus
770 765 933 840 propagatio

23 852 201 927 quantum
220 837 259 896 illi
278 840 407 897 moeroris
438 854 470 896 ac
491 836 583 895 lucius
605 838 741 909 attulerit,
765 857 824 900 non
840 840 930 902 modd
1036 855 1038 860 ’

23 915 225 983 ιειήὶπτιιόο,
245 912 353 974 sedric
370 916 453 974 etiarn
469 913 619 988 cogitando
639 914 769 991 consequi
805 917 843 975 uis
864 931 931 978 tram

21 993 145 1065 rossit.
175 991 284 1066 vitaque
297 991 354 1050 boc
367 990 483 1049 stabilito
509 990 540 1048 bc
554 988 630 1057 fixo,
649 1003 770 1050 mortem
784 933 849 1068 iem
884 991 931 1054 md

21 1084 169 1130 scaram
184 1069 299 1128 homini
311 1067 493 1144 contingere,
513 1083 571 1125 nou
592 1065 705 1136 solum,
732 1067 882 1144 qudd'nos
902 1069 933 1131 in

21 1160 169 1207 scaram
195 1145 284 1203 vitam
305 1143 441 1213 inducat,
479 1142 654 1214 sedetiam,
681 1143 759 1222 quod
781 1147 930 1208 multarum

21 1236 288 1300 magnarumque
300 1218 468 1280 miseriarum
482 1217 559 1278 sensu
569 1219 681 1289 liberet,
701 1220 760 1279 &a
776 1222 871 1282 futuris
885 1221 933 1286 vel

21 1297 279 1367 :alamitatibus,
297 1295 343 1356 uel
355 1296 494 1356 doloribus
507 1294 662 1364 abstrahat,
688 1297 755 1374 quid
770 1297 830 1374 jam
850 1298 932 1360 telin·

21 1390 181 1456 quetur,
203 1390 252 1432 cur
264 1390 323 1433 non
336 1388 426 1433 morre
447 1373 556 1443 laetari,
575 1388 609 1430 ac
624 1372 759 1432 clarorum
780 1375 931 1436 bominum

21 1457 218 1520 virtutem,
236 1451 285 1526 qui
300 1450 398 1510 nullius
418 1450 529 1509 interitu
550 1449 697 1523 perturbati
713 1449 773 1510 suut
794 1493 803 1518 ,
828 1452 931 1514 imitari

21 1524 236 1592 debeamus?
255 1528 377 1586 Annon
398 1528 535 1602 optimam
562 1527 728 1603 beatamque
750 1541 871 1588 mortem
881 1528 931 1604 ju·

21 1605 174 1669 dicabat
188 1603 224 1662 L.
237 1603 352 1672 brutus,
371 1602 436 1662 eum
453 1601 622 1678 Tyrannum
643 1619 759 1670 arcens,
779 1621 864 1680 quem
881 1623 931 1664 ex-

21 1684 188 1764 pulerat,
207 1681 294 1740 vitam
313 1698 364 1756 pro
384 1678 473 1738 nihilo
490 1676 635 1739 ducebat?
661 1679 729 1738 item
744 1679 851 1752 Decii,
870 1698 930 1758 quo

21 1775 194 1834 tempore
214 1775 279 1816 cum
306 1757 413 1816 Latinis
435 1772 486 1831 pro
506 1759 591 1830 patria
614 1754 793 1826 dimicantes,
811 1757 865 1817 lese
878 1759 938 1828 hoe,

21 1841 140 1898 [lium
156 1833 219 1893 telis
231 1831 418 1906 objiciebant?
438 1844 570 1908 praeterea
584 1830 694 1905 Scipio,
714 1834 836 1904 Paullus,
851 1836 931 1894 Mat·
965 1905 966 1909 η

21 1914 162 1982 cellos,
186 1909 326 1980 Albinus,
346 1925 417 1987 quos
439 1909 525 1967 viram
544 1908 572 1969 in
594 1909 653 1966 acie
677 1909 811 1984 iuvandae
833 1913 928 1986 parriae

21 1988 134 2051 caula
149 1985 299 2047 fortiffime
313 1982 461 2062 profudille
475 1985 623 2044 memoriae
644 1985 784 2060 proditum
803 1987 929 2063 legimus.

21 2071 74 2130 Et
91 2065 179 2126 verb
193 2063 262 2124 nibil
275 2063 344 2132 fuit,
359 2062 544 2140 quamobrem
557 2063 631 2121 elato
654 2062 817 2140 excelsoque
831 2066 929 2126 animo

21 2145 190 2207 homines
207 2141 296 2199 vitam
316 2156 376 2199 non
399 2137 592 2215 despicerent,
610 2148 642 2196 ut
660 2137 852 2215 sempiternam
866 2140 930 2218 glo·

21 2226 117 2283 riam
136 2217 276 2295 consequi
290 2213 408 2293 poffeut.
448 2233 593 2274 namcum
608 2214 703 2284 nullo,
724 2215 853 2276 velcerre
873 2219 929 2279 mi·

21 2301 135 2360 nimo
151 2295 260 2353 doloris
271 2292 364 2363 sensu,
383 2310 470 2370 quern
487 2292 637 2352 morientes
652 2292 791 2366 perferunt
809 2333 819 2362 ,
835 2292 929 2352 infini-

21 2392 100 2439 ram
119 2369 243 2432 laudem
257 2371 477 2430 commutabant
513 2369 590 2428 hunc
603 2367 678 2427 enirn
698 2367 794 2428 locum
814 2368 850 2428 de
870 2370 930 2429 exi·

21 2471 128 2530 guo,
152 2447 203 2506 vel
216 2446 295 2507 nullo
308 2445 399 2522 potius
411 2446 511 2510 dolore
530 2445 626 2504 mortis
642 2484 650 2510 ‚
669 2461 756 2521 quem
776 2444 851 2521 suprl
866 2463 929 2522 per·

21 2526 239 2592 strinximus,
258 2524 350 2597 paullo
372 2524 480 2583 uberius
500 2537 696 2598 percurramus.
733 2522 834 2598 Neque
849 2527 927 2584 enim

23 2600 172 2668 absurde
188 2598 283 2659 dixiffe
297 2601 367 2661 mibi
381 2598 490 2661 videtur
501 2599 542 2668 is,
569 2601 618 2676 qui
634 2597 814 2658 morientium
847 2615 926 2658 ruor-
947 2659 954 2666 ,

26 2692 235 2752 tuorumque
254 2678 403 2736 bominum
427 2675 537 2738 statum·
554 2675 584 2734 &
605 2674 797 2735 conditionem
820 2672 925 2736 duabus

27 2755 232 2837 potiffimum
247 2755 374 2814 essebur
395 2752 500 2830 percipi
525 2751 736 2827 atqueintelligi
758 2747 834 2824 polle
852 2752 924 2810 affir·

30 2838 168 2895 mavit:
190 2847 311 2905 quarum
333 2842 418 2890 unam
439 2829 569 2889 somnum
589 2815 701 2902 statuit.
728 2826 841 2885 alteram
855 2826 923 2896 verb

25 2926 165 3043 tempug
177 2909 266 3044 illud(i
285 2907 363 2985 quod
375 2904 501 3041 nollrdrqu
513 2908 646 2992 cujusque
659 2915 753 3038 qrtum
775 2903 926 2966 antecellit.

28 2987 665 3148 ssfssslulingdloiQYmciliss'pll‘lll
685 2996 927 3143 batilli.

30 3137 135 3220 plane
149 3138 189 3196 ad
203 3150 350 3198 veritatem
369 3136 495 3197 uideatur
514 3124 569 3194 elle
591 3131 757 3210 propensior.
795 3141 833 3190 tta
846 3149 924 3192 eninr

30 3216 132 3284 multi
146 3215 266 3285 vivunt,
286 3228 318 3274 ut
330 3211 508 3290 praesentibus
525 3211 607 3289 bonis
625 3209 770 3268 fruantur:
792 3223 845 3268 nec
858 3208 923 3268 land

30 3298 203 3373 cogitent,
223 3291 291 3366 quid
312 3292 407 3368 paucis
426 3287 489 3365 post
508 3287 586 3348 anuis
600 3284 645 3344 vel
659 3282 743 3359 ipsu,
762 3285 807 3342 vel
825 3287 924 3348 ceteris

76 3394 98 3434 n

30 3376 75 3436 bo

44 3455 51 3465 .
84 3365 520 3518 1ἔοι-αυτιῑιιίἰκιιοίίἱτετοιιὶκ.
560 3363 658 3438 ltaque
671 3360 742 3435 saepe
757 3377 815 3420 non
824 3363 922 3435 opina·

26 3465 68 3517 tle

159 3445 220 3520 b‘u,
237 3442 488 3530 permissionibus
494 3438 677 3518 ..anemius
683 3448 827 3516 serantur.
841 3451 923 3499 mor·

890 3509 925 3572 tit

162 3661 166 3669 ι
