2342 3892
230 107 704 223 'Consecutio
822 173 904 241 4097

33 252 196 338 omnesque
208 263 376 329 calamitates
388 261 561 326 libentiffime
575 262 653 326 fuisse
666 257 837 347 subiturum?
855 257 904 320 sed

33 352 95 421 quo
112 342 243 412 rariores,
262 345 311 419 qui
326 344 382 401 boc
395 343 484 402 modo
498 344 612 420 animari
625 337 693 412 fint,
713 343 769 400 hoc
791 337 905 426 praecla-

29 426 121 472 riores
136 417 196 480 ,viri
236 421 305 478 nibil
320 421 394 478 euim
410 417 444 478 ad
458 420 568 478 laudern
588 419 710 478 illustrius
728 461 736 485 .
770 416 854 493 quim
869 431 900 474 ut

30 501 168 550 aeternam
182 495 318 574 gloriam,
339 509 386 554 aut
400 496 429 553 in
443 497 539 570 patriae
560 496 703 560 utilitatem
725 496 900 558 intuentem.

28 579 78 621 aut
95 567 189 627 saltem
205 572 313 630 sortiter
327 572 437 632 dolores
451 573 634 646 perferentem
645 575 690 640 ,δι
705 588 770 630 curn
786 570 900 627 fortuna

27 639 202 714 lucrantem,
223 651 362 724 negligere
382 651 511 707 bumana.
550 665 615 724 quae
639 650 688 724 qui
708 648 826 706 nimium
849 662 900 725 cu7

25 731 118 785 rant,
145 723 164 779 ii
186 723 274 782 laudis
300 724 443 793 siudiunr,
463 725 566 783 ciuium
588 725 758 792 commoda,
777 722 899 796 denique

26 798 148 866 omnia,
167 816 232 874 quae
244 801 388 860 laudabilia
404 813 532 875 putantur
552 841 562 871 ,
581 801 687 875 prorsus
708 799 724 859 ὲ
743 809 837 858 mente
862 813 897 856 ac

30 874 209 946 cogitatione
230 878 342 950 ejiciant
368 876 474 936 necesse
489 879 536 936 esi.
565 895 657 952 neque
679 880 754 936 enim
768 875 897 934 humanis

26 950 103 1032 curis
117 953 265 1027 implicitus
279 967 342 1012 toto
356 956 451 1013 animo
467 954 502 1012 de
518 955 612 1026 patriae
636 955 718 1012 salute
744 963 827 1027 atque
842 951 896 1012 uti·-

21 1020 107 1097 litate
135 1030 281 1102 cogitare,
301 1031 478 1089 autlaudem
509 1030 556 1088 sibi
582 1029 716 1104 praeclaris
744 1026 896 1088 actionibus

24 1115 211 1177 comparate,
231 1106 276 1164 vel
297 1109 399 1182 egregii
412 1107 564 1184 quidquam
585 1105 716 1182 suscipere
734 1122 767 1164 ac
786 1105 911 1164 sustiuo'

21 1194 56 1262 re
72 1195 166 1254 queat.
206 1181 258 1240 suis
274 1195 369 1242 aurem
383 1182 543 1247 commodis
568 1199 601 1241 ac
624 1181 771 1242 rationibus
782 1179 896 1316 lprospi-

21 1271 104 1315 ciens
131 1259 163 1315 &
184 1257 352 1329 cousulens,
379 1274 469 1320 cetera
494 1260 629 1329 omittet,
655 1260 691 1320 de
708 1259 734 1318 se
752 1259 812 1332 ipo
835 1259 895 1318 diet

21 1333 184 1409 modiceque
198 1336 339 1409 cogitabit.
372 1337 413 1395 'ita
428 1355 481 1397 nec
496 1337 562 1395 boni
577 1337 643 1396 c'ivis
658 1379 666 1404 ‚
685 1353 739 1395 nec
760 1335 828 1395 boni
841 1333 895 1398 viri

21 1407 160 1486 fungetur
176 1410 281 1470 officio.
318 1412 422 1472 bonum
437 1416 512 1473 eninr
527 1415 617 1472 uirum
639 1413 743 1482 decet,
762 1410 797 1474 de
818 1424 895 1472 cete·
995 1473 998 1480 ,

21 1501 122 1544 rorum
141 1489 302 1547 commodis
315 1488 396 1566 aeque
410 1490 555 1557 laborare,
575 1506 608 1548 ac
629 1489 664 1549 de
684 1489 757 1548 suis:
783 1487 893 1551 bouum

21 1563 94 1620 uero
111 1564 224 1634 civem,
242 1565 288 1624 sua
302 1568 397 1625 omnia
412 1567 560 1642 posteriora
571 1565 690 1634 habere,
709 1565 909 1641 patriaecom··

21 1640 114 1715 moda
129 1640 220 1714 prima
244 1644 276 1702 &
298 1645 422 1701 maxima·
434 1644 549 1703 duceree
582 1640 599 1700 *a
615 1643 711 1718 quibus
725 1658 817 1718 neque
839 1641 893 1704 do·

21 1717 103 1784 iore,
124 1733 218 1794 neque
237 1719 289 1779 ulla
309 1720 428 1778 omuino
449 1721 571 1779 humana
585 1719 665 1778 avelli
686 1718 892 1795 perturbatione

21 1793 169 1851 iebemus.
206 1795 339 1856 Periclem
354 1808 464 1867 narrant
484 1795 603 1855 historiae
622 1795 692 1854 iutra
713 1793 892 1874 quatriduum

21 1867 133 1929 luobus
148 1868 226 1946 filiis,
245 1873 357 1932 eximiae
371 1872 470 1932 indolis
484 1871 715 1944 adolescentibus,
736 1870 789 1932 effe
809 1871 892 1944 orbae

21 1950 95 2005 ium.
134 1949 184 2024 qui
205 1963 293 2023 usque
314 1949 350 2008 eb
372 1951 501 2010 sortitae
521 1948 694 2008 constantin
716 1949 792 2028 ludiu
811 1950 890 2020 fuit.

21 2036 48 2080 rt
66 2023 140 2082 nihil
162 2025 269 2098 prorsus
283 2025 319 2085 de
339 2026 450 2101 prislino
470 2025 564 2085 babitu
597 2025 728 2103 cultuque
741 2027 889 2087 deminue-

21 2101 69 2168 it,
91 2096 139 2160 sed
154 2101 297 2170 eundem,
313 2117 400 2178 'quem
415 2115 518 2172 antea,
536 2104 565 2161 in
585 2102 767 2164 concionibus
784 2104 890 2166 habeu-

21 2174 56 2239 lis
79 2191 193 2237 rnorem
213 2181 354 2256 ritumque
371 2179 504 2238 servarit:
524 2195 578 2238 nee
599 2195 732 2254 umquam
749 2197 889 2244 coronam

21 2254 143 2328 ecapite
158 2255 322 2330 deposuerit.
355 2253 468 2332 dequo
489 2255 618 2316 traditum
643 2255 703 2326 est,
732 2257 801 2316 nihil
818 2275 889 2320 eum

22 2327 154 2405 rutauisie
167 2331 306 2408 indignius
321 2334 461 2404 futurum,
481 2330 567 2407 quim
582 2329 603 2390 si
616 2329 727 2408 aliquod
742 2333 890 2394 sradiiani·

21 2411 52 2466 ni
71 2407 185 2483 signum
200 2410 326 2468 rnoeroris
341 2408 417 2468 causi
432 2408 556 2468 muliebri
570 2422 651 2466 more
663 2407 794 2470 edidiffet.
826 2411 886 2469 sor·

21 2503 74 2544 em
89 2483 158 2544 sane
171 2485 319 2544 hominem
335 2502 354 2555 ‚·
373 2487 403 2544 be
416 2502 515 2562 magna
539 2482 620 2546 laude
651 2500 809 2564 aeteruaque
823 2503 887 2547 me·

21 2564 107 2622 noria
123 2561 334 2635 digniflimum:
354 2580 440 2638 quern
460 2580 553 2638 neque
573 2577 679 2636 naturae
701 2565 741 2624 uis
756 2603 766 2632 ,
784 2564 886 2627 adini·

21 2642 106 2698 nium
123 2638 198 2712 saepe
210 2655 337 2698 amorem
353 2641 461 2698 trahens
477 2683 486 2710 ,
504 2642 626 2715 potuerit
646 2639 682 2699 de
701 2639 769 2699 statu
792 2641 888 2700 dimo·

22 2734 101 2785 ere,
123 2713 203 2774 &ad
218 2714 345 2781 dolorem
360 2716 517 2785 abducere,
537 2733 591 2776 nec
609 2717 758 2776 liberorum
779 2715 885 2778 deside-

21 2795 108 2862 ium‚
128 2809 201 2870 quos
213 2803 309 2852 tamen
322 2791 430 2851 summe
443 2780 563 2852 dilexiffl
576 2793 691 2861 dicitur,
709 2793 763 2852 ulla
776 2796 885 2876 ratione

22 2869 191 2928 ›esturbarin
213 2887 286 2927 nec
301 2870 413 2928 mirum.
450 2885 515 2927 vera
536 2871 613 2928 euim
634 2868 769 2928 fortitudo
788 2872 885 2931 inanes

21 2947 214 3006 alliciendines
236 2947 311 3021 ejicit
339 2963 371 3004 ac
393 2945 523 3020 depellit:
544 2946 677 3020 opprimit
698 2943 885 3022 cupiditates:

21 3034 140 3098 mperat
155 3024 267 3081 timori:
289 3021 357 3087 nihil
378 3033 472 3080 autem
495 3024 623 3096 appetit,
643 3023 709 3080 sorti
729 3023 790 3081 viro
811 3023 885 3084 indi·

21 3118 123 3161 nurnr
144 3114 197 3157 nec
213 3099 247 3156 ab
262 3097 357 3156 ulla‘re
372 3098 416 3156 vel
430 3109 524 3166 metu,
544 3098 588 3157 vel
602 3096 783 3158 inconstantis
797 3098 887 3174 repel-

23 3193 87 3236 rur.
127 3177 158 3235 ἃ
177 3174 307 3250 quamvis
327 3174 460 3234 excelsam
487 3174 645 3252 elatamque
665 3175 790 3234 naturam
813 3178 884 3235 ratio

21 3254 88 3322 osa,
108 3251 246 3311 doetrinae
258 3252 402 3328 praeceptit
415 3251 538 3321 imbuta,
558 3249 723 3312 confirmet:
743 3250 821 3329 quod
833 3252 887 3312 Pe·

22 3331 90 3400 Lcli,
110 3328 270 3390 doetiffimo
283 3327 412 3397 homini,
431 3329 613 3406 maximoque
627 3330 743 3406 ingenio
756 3329 887 3405 praedito,

22 3425 71 3468 ne
87 3407 143 3467 ulla
156 3406 330 3471 dubitatione
344 3401 502 3480 contigiffe‚
521 3405 627 3482 prorsus
641 3405 710 3465 mihi
724 3405 887 3482 persuadeo:

21 3486 79 3550 asae
92 3495 192 3551 tamen
206 3481 376 3571 gerundiis
388 3482 492 3543 radices
504 3482 534 3541 in
555 3482 652 3543 animo
666 3481 808 3564 praecipue
822 3481 887 3542 insi·

267 3562 274 3565 ’
305 3647 307 3652 ,
379 3560 675 3644 rffffffstsffa
811 3558 888 3633 dene
