2342 3892
388 5 1145 72 ἡ--Ἶ

242 149 663 222 consorano
796 167 882 236 aaut
965 213 973 228 .

25 297 60 339 sn
76 272 180 354 poena
202 273 390 334 molestiarum
418 275 449 333 δι
462 273 610 336 moeroris?
629 283 730 350 quanta
739 274 883 344 intereos,

25 360 43 415 ri
59 358 129 415 illas
143 363 293 421 exercent,
312 349 424 426 perfidia
441 349 454 408 d
473 365 608 428 quantum
631 349 760 410 odium?
779 356 884 426 quanta

27 427 137 491 vidia?
157 442 205 488 aut
217 430 278 507 quis
292 427 330 486 esi
344 427 389 486 sua
404 429 476 486 sorte
486 442 654 499 ‘contentum
673 430 703 488 ὃ(
716 429 883 490 nonalienae

25 528 57 568 re
75 506 238 574 industriae,
257 503 313 584 siue
335 504 482 572 sortunae,
501 508 673 574 emulator,
692 505 772 574 osor,
792 504 883 563 detm-

26 583 90 644 0r?
113 584 164 643 Sin
178 581 288 642 ciuilem
304 581 391 640 vitam
405 583 550 657 quisquam
573 583 676 660 appetit
692 624 700 651 ,
722 582 751 641 δι
772 583 800 641 in
816 581 885 640 Rei·

25 663 130 720 iblicae
143 661 209 719 luce
219 660 314 718 visere
335 658 479 735 pulchrum
501 674 603 736 purat,
635 659 703 718 isse
719 660 817 734 exigua
849 674 885 716 ac

25 737 92 797 sene
109 737 188 796 nulla
200 736 314 795 honoris
325 735 417 811 specie
437 752 550 810 magnas
574 751 735 809 comparare
749 735 889 794 calamita-

25 834 47 873 τε
64 804 152 872 cerrd
173 811 233 872 sciat
250 855 259 882 ,
278 825 380 888 quotus
403 815 477 871 enim
499 815 616 890 quisque
630 811 685 878 est,
705 813 749 870 cui
763 830 821 871 nou
836 830 890 888 pu-

25 893 85 950 lica
102 889 300 949 admisistrario
314 889 358 948 vel
373 890 518 958 moeroris,
537 891 583 948 vel
593 887 708 966 jadlurae
721 899 829 947 tantum
846 902 890 946 at·

25 968 130 1036 aleris,
149 977 282 1044 quantum
298 965 385 1024 uerbis
399 968 535 1041 explicare
548 967 595 1026 vix
610 964 715 1042 queat?
734 981 767 1022 ac
781 964 830 1037 „si
848 965 887 1024 de

25 1059 79 1103 sto
98 1045 164 1102 vitae
177 1041 257 1101 cursu
276 1040 399 1116 judicare
420 1040 486 1102 veri:
505 1044 655 1112 volumus,
674 1043 781 1100 exitum
794 1041 890 1110 ridea-

25 1140 90 1181 nus.
129 1120 187 1178 Ubi
201 1117 302 1193 optimi
316 1119 471 1194 reipublicae
480 1119 729 1186 administratores,
746 1117 890 1190 scuteriis

25 1209 165 1266 arentes,
185 1193 341 1266 Miltiades,
360 1196 515 1272 Ephialtes,
535 1198 647 1266 Cimo,
667 1195 891 1267 Themistocles,

25 1271 173 1334 trislides?
193 1285 326 1347 quantum
340 1273 391 1332 illis
411 1271 497 1341 fides,
517 1275 629 1342 caritas,
647 1273 802 1348 integritas,
819 1279 892 1331 con·'

25 1353 113 1411 tantia
128 1349 238 1425 peperit
251 1348 385 1408 miseriae?
403 1362 507 1409 utnon
522 1351 612 1410 modd
626 1347 894 1426 honoribus,digni·
985 1368 992 1384 ‘v

25 1442 91 1496 are,
115 1423 279 1484 auctoritate
292 1423 427 1500 spoliarit,
440 1426 492 1485 sed
506 1429 590 1486 etiam
605 1428 633 1486 in
643 1425 766 1485 exsilium
780 1426 893 1486 miserit.

25 1505 99 1582 puod
135 1512 232 1569 crmtra
263 1504 427 1577 oportebat:
477 1506 551 1563 viros
588 1505 711 1580 optimos
741 1505 894 1580 patrieque

27 1578 223 1640 mantiffimos
235 1578 343 1638 honore
357 1579 428 1638 affici
444 1622 453 1649 ,
478 1581 509 1643 in
523 1581 609 1640 oculis
625 1581 698 1639 serti.
738 1579 894 1656 Scipio-A·

25 1661 149 1717 'ricanus
163 1651 234 1728 apud
246 1655 350 1714 nosiros
366 1659 503 1731 optimam
519 1657 626 1716 causam
642 1655 783 1732 amplexus
798 1699 808 1726 ‚
826 1674 895 1732 pau·

25 1749 128 1792 :orum
142 1730 333 1799 immoderatae
347 1732 450 1792 libidini
467 1751 619 1810 repugnans
636 1776 644 1803 ,
665 1731 748 1792 mane
769 1747 897 1793 mortuus

27 1831 50 1868 n
78 1807 155 1866 letto
177 1804 214 1866 esi
240 1810 377 1869 inventus
414 1827 469 1869 nec
487 1811 573 1869 absuit
594 1811 708 1886 susspicio
730 1851 739 1878 ‚
774 1811 841 1884 quin
860 1811 897 1870 ab

25 1902 135 1951 uxore,
154 1901 217 1961 quae
229 1887 419 1947 Gracchorum
431 1885 509 1946 soror
523 1888 576 1946 suit
584 1929 595 1963 s
614 1884 899 1946 intersedioresessent

25 1959 149 2022 immissi.
186 1962 304 2021 Metello
319 1976 412 2021 aurem
428 1963 581 2023 Numidico
599 2007 607 2034 ‚
625 1963 742 2022 homine
764 1964 895 2022 omnium

25 2038 181 2097 clarissimo
212 2055 245 2097 ae
265 2038 498 2114 praestantissimo,
517 2040 585 2116 quid
607 2038 755 2098 miserius?
774 2041 840 2116 qui,
861 2058 900 2102 ue

25 2135 56 2174 rn
75 2116 168 2191 legem
183 2116 362 2190 perniciosam
375 2117 496 2191 iuraret,
516 2118 544 2176 in
560 2117 684 2176 exsilium
697 2117 775 2174 abire
788 2117 820 2174 sir
833 2134 902 2176 coa·

25 2194 99 2252 etus.
123 2192 225 2257 „fateor
239 2191 385 2266 proferro,
406 2197 476 2252 inter
491 2196 587 2253 omnia
609 2193 693 2252 exsilii
715 2209 840 2268 genera,
859 2206 903 2253 at·

47 2287 87 2326 uc
101 2285 199 2326 omnes
214 2267 380 2326 miseriarum
398 2271 487 2329 causas
503 2269 627 2329 maxime
641 2271 784 2331 honoriam
799 2269 903 2328 Numi·

25 2287 88 2404 dici
103 2340 179 2400 fuisse
193 2343 401 2404 conditionemt
422 2348 466 2407 cui
480 2347 598 2421 probitas
614 2389 622 2414 ,
642 2347 797 2420 integritas,
816 2347 843 2404 in
853 2363 903 2422 pa-

25 2423 112 2479 triam
129 2421 245 2488 caritas,
263 2421 424 2482 calamitatis·
442 2424 548 2482 causam
570 2423 713 2482 attulerit:
741 2420 787 2479 sed
807 2433 903 2484 tamen

27 2495 178 2556 fatendum
203 2496 266 2570 est,
300 2499 482 2572 grauissimam
504 2495 581 2557 suisle
602 2497 785 2557 calamitatem
808 2499 902 2574 ,pelli

31 2571 121 2648 patriai
138 2614 147 2641 ‚
166 2571 245 2630 auelli
257 2571 275 2631 a
287 2572 361 2644 suis,
380 2577 520 2634 bonorum
535 2574 720 2652 direptionem
730 2573 898 2644 ,liberorum

34 2649 91 2708 five
106 2647 282 2718 moestitiam,
303 2651 359 2710 sive
372 2670 527 2720 aerumnam
543 2653 654 2722 videre,
675 2653 717 2710 M.
733 2651 871 2726 Regulum
886 2695 901 2722 ,

38 2727 72 2783 C.
84 2728 226 2794 Marium,
246 2727 283 2784 L.
296 2725 428 2798 Brutum,
447 2729 484 2788 ob
496 2729 664 2788 liberandam
680 2727 794 2804 patriam
815 2727 899 2788 inter-

38 2801 159 2872 seslum,
179 2814 322 2885 praetereo.
358 2806 464 2874 nolim,
483 2805 558 2863 iniis
581 2803 836 2864 commemorandis
855 2807 901 2864 ns·

40 2879 112 2936 anius
124 2878 230 2948 videri,
247 2896 366 2954 quorum
383 2882 471 2940 esitus
484 2899 572 2940 nemo
588 2881 647 2952 est,
667 2881 734 2958 quin
748 2897 783 2938 ex
802 2882 874 2940 libris
888 2924 901 2952 ,

38 2954 215 3028 imaginibus,
235 2957 308 3015 sama
322 2957 442 3034 denique
462 2957 566 3033 vulgari
582 2959 642 3035 jam
664 2957 797 3016 didicerit.
834 2973 902 3034 quae

42 3029 105 3087 crim
121 3031 398 3109 multa'maximeque
411 3035 501 3110 gravia
517 3035 584 3093 sint:
605 3034 791 3109 graviffimum
806 3045 903 3096 tamen

39 3106 106 3164 illud
118 3106 197 3166 debet
209 3110 315 3178 videri,
334 3109 412 3186 quod
425 3111 540 3169 homine
561 3111 719 3170 ambitionis
734 3109 849 3167 uinculis
865 3111 903 3169 ir·

42 3184 139 3250 serito,
157 3184 260 3262 quique
281 3185 298 3244 e
321 3187 492 3261 popularibus
513 3185 642 3263 suffragiis
669 3199 743 3245 totus
764 3186 902 3260 pendeat,

41 3259 107 3316 nihil
121 3276 233 3334 usquam
255 3262 391 3321 infelicius
412 3264 521 3338 reperiri
543 3264 640 3338 potest.
677 3273 794 3337 quantus
815 3263 844 3320 in
865 3282 904 3324 eo

41 3334 141 3404 rimor,
159 3349 261 3410 quanta
274 3338 426 3408 dubitatio,
445 3351 563 3415 quantus
575 3351 690 3399 conatus
705 3381 713 3405 ,
734 3351 836 3414 quanta
850 3334 905 3401 sol·

41 3408 173 3469 licitudo?
192 3425 223 3471 ut
234 3414 337 3472 nullam
352 3414 388 3472 illi
403 3415 419 3474 a
434 3415 559 3475 molestia
582 3433 699 3475 uacuam
715 3413 769 3474 esl'e
784 3416 903 3482 horam.

43 3505 98 3549 uun
112 3486 253 3578 immerita
266 3488 388 3577 suspicari
402 3491 541 3575 possimus
560 3509 627 3556 riam
642 3491 813 3555 siservientis
826 3491 902 3550 esen

834 3581 903 3624 con·
