2342 3892
250 115 326 190 Co
350 112 500 190 usna
521 137 545 187 n
566 135 589 184 r
610 137 622 182 r
644 129 687 186 o.'
795 141 898 214 4099.

31 229 143 288 mnium
157 223 283 304 gentium
298 247 331 290 ac
349 227 513 291 iaculorum
527 229 665 290 memorii
681 227 906 307 drgniffimumuv
967 239 970 244 '

31 323 194 381 xquonon
208 307 298 365 molo
312 308 362 382 qui
380 307 470 366 dolori
490 307 618 378 cedunt,
659 305 695 364 nd
718 309 892 382 patientiam»
954 381 956 386 ,

31 382 251 441 efortitudinem
274 386 452 453 excitentur,
470 383 517 448 sed
538 386 620 442 etiam
643 383 756 456 Reges,
795 387 895 462 nique*

33 460 174 517 ominibus
194 460 355 532 imperant,
374 478 411 518 ne
433 459 500 536 quid
521 461 663 531 impium,
681 473 728 516 rut
748 402 879 524 iniciens

31 535 151 603 udeant‚
171 536 352 595 erudiantur.-
376 553 441 594 narn
467 536 592 594 adversus
612 535 768 609 injustitiam
793 550 878 614 atque

31 613 189 684 npietatem
209 625 318 670 rantum
341 612 379 670 eli
400 612 522 680 odium,
547 624 621 668 tanra
642 611 744 669 inuidia
763 655 772 681 ,
793 628 822 671 ur
841 631 879 673 ne

31 687 101 745 >sum
116 687 232 763 quidem
247 688 367 757 coelum.
387 703 433 746 aur
446 688 528 746 fidera
539 716 555 754 ,·
566 689 648 760 etiarp
661 687 682 742 li
695 689 823 748 homiues
832 701 890 749 νοεῖ

32 777 80 831 nt,
98 763 260 838 hujusmodi
271 764 371 823 scelera
396 766 450 839 pari
478 781 511 822 ae
524 763 688 822 diffimulare
701 765 808 837 posfint.
828 784 879 838 ac,

45 838 104 898 sera
126 840 243 901 deorum
264 841 385 901 vindicta
406 839 437 897 lit
454 881 463 907 ,
482 841 631 898 noluerunt
659 851 753 898 tamen
777 843 880 930 impios

31 916 69 974 rso
86 917 117 974 in
131 917 252 976 facinore
264 915 335 977 adeo
348 915 534 984 exsultare,ut
547 931 613 988 nont
621 931 724 988 angore
738 918 887 978 eumitren-1
915 973 917 979 .

33 1009 77 1060 ae,
101 992 255 1068 fraudisque
275 995 422 1062 cruciatu,
442 1002 585 1070 tamquam
607 991 763 1067 domestidrs
784 995 878 1067 furiis,

31 1066 117 1127 ffidue
137 1083 281 1130 vexentur.
319 1081 484 1145 tantumque
497 1066 585 1144 potest
603 1066 749 1142 impietatis
764 1071 880 1142 odium,

32 1159 43 1203 r
75 1146 245 1221 Tyrannum
274 1145 437 1207 extinctum
469 1163 501 1204 ac
522 1143 666 1208 laeviffimi
693 1147 880 1210 excruciatum

32 1239 101 1280 emo
117 1221 293 1291 misereatur,
312 1240 399 1282 uerno
413 1221 514 1281 doleat.
533 1239 599 1280 narn
613 1217 737 1279 adversus
757 1221 813 1279 hoc
829 1223 882 1282 luo,

31 1301 124 1358 riuum
146 1313 251 1372 genus,
270 1301 372 1359 necin
391 1299 448 1358 ullo
466 1311 622 1372 praeterea,
642 1313 758 1356 omnem
779 1299 890 1372 prorsus

32 1377 90 1444 im,
111 1377 270 1450 omnesque
281 1375 403 1439 stimulor
419 1375 520 1432 amittit
539 1373 628 1433 dolor.
666 1372 714 1450 qui
736 1371 755 1430 sr
776 1375 888 1436 rationu

31 1450 245 1527 omprimenrlus
259 1452 313 1521 est,
333 1450 411 1528 quod
423 1449 500 1526 supra
514 1450 659 1517 diximus,
685 1449 774 1509 multo
797 1451 884 1520 etiam

32 1530 105 1603 ragis
120 1525 319 1589 consuetudine
333 1530 476 1587 vincetur:
497 1527 574 1601 cujus
588 1536 673 1586 rantae
686 1523 746 1584 lunt
760 1525 895 1597 vire's,ut¹
965 1551 969 1569 ·
984 1533 988 1538 '

32 1624 77 1664 on
93 1601 185 1662 modo
200 1604 415 1677 perturbationes
430 1604 516 1662 animi
531 1601 621 1662 sedare
637 1641 652 1669 .,
670 1599 715 1659 sed
736 1601 819 1660 eriam
835 1622 891 1664 nav
986 1646 989 1652 ·
1068 1611 1071 1619 ’

31 1698 89 1740 urae
106 1678 163 1737 vim
175 1679 294 1748 afferre,
309 1697 433 1756 'eamque
454 1676 597 1753 saepiffirni
618 1677 766 1736 immulare
792 1697 824 1736 ac
840 1697 890 1754 pe-

31 1760 93 1816 itus
108 1755 189 1815 aliam
204 1757 285 1832 poffit
298 1756 416 1817 efficere.
452 1758 530 1828 cnjus
544 1753 647 1814 auxilio
661 1771 718 1813 non
733 1755 821 1816 modo
836 1758 891 1816 do&

31 1833 85 1893 nris
100 1832 206 1900 aculei,
225 1832 272 1897 sed
286 1834 370 1895 eriam
384 1833 505 1891 lortnnae
519 1831 635 1890 fulmina
658 1828 757 1904 depelli
774 1848 807 1890 ac
822 1847 893 1893 con,

31 1909 110 1970 emni
125 1908 205 1970 facile
224 1921 371 1984 poterunt,
401 1906 574 1967 Meditemur
589 1906 602 1964 ,i
620 1908 700 1973 itur,
720 1909 749 1963 δε
769 1909 897 1969 omnino*

31 1999 185 2054 amamus,
206 1985 276 2045 nihil
290 1984 396 2060 prorsus
408 1985 564 2059 humanum
578 1923 632 2042 elie
643 1980 813 2044 dolendum:
830 2001 896 2045 non.

31 2075 165 2132 nortem,
183 2078 269 2138 quam
287 2063 353 2137 jam·
367 2062 506 2134 optimam
529 2055 583 2118 elle
604 2059 789 2132 cognorimus
798 2080 811 2118 r
832 2079 902 2123 non·-
997 2070 1000 2077 “

32 2141 188 2216 gestarem,
207 2156 273 2212 quae
286 2137 429 2213 saeprssrmi
442 2137 558 2197 maximi
571 2135 639 2196 boni
653 2134 759 2194 cauli-i
774 2136 823 2196 diis
838 2142 897 2197 lma

31 2217 185 2276 nortalibus
194 2214 347 2273 tribuatur:
364 2216 424 2272 non
439 2212 579 2278 exsilium,
600 2210 899 2289 cium-orbisterrarurm

31 2293 157 2353 ›mnibus
171 2304 278 2366 pateat:
299 2308 358 2350 non
372 2302 461 2347 cetera
475 2288 583 2364 generis
594 2287 736 2362 ejusdem,
756 2305 822 2366 quae
835 2291 898 2349 vul-z

31 2373 47 2441 i
71 2370 210 2443 opinione
229 2366 388 2442 graviffimis
408 2367 437 2424 in
457 2366 534 2423 malis
561 2379 749 2426 numerantur.
787 2365 897 2426 nullum

31 2449 103 2505 inim
118 2458 176 2504 tam
191 2461 275 2518 grave
287 2443 392 2511 malurn
407 2442 545 2515 apparebit
559 2481 568 2507 ,
588 2440 656 2514 quin
678 2457 713 2498 ex
736 2458 772 2502 eo
786 2442 896 2510 bonurn

31 2515 142 2598 iliquod
154 2518 245 2578 multo
259 2521 363 2596 majus,
385 2515 530 2592 multoque
545 2515 689 2589 optabilius
702 2534 813 2592 magno
827 2517 899 2579 deon
971 2531 972 2534 ’

31 2619 88 2658 um
106 2593 246 2655 beneficio
261 2595 409 2672 aliquando
424 2593 574 2668 colligatur.
615 2591 689 2650 Pleni
698 2593 759 2651 sunt
770 2594 828 2653 libri
838 2594 902 2668 phi-2

31 2675 229 2751 ,osoplrorunrz
248 2663 356 2733 fefertae
382 2670 548 2744 argumentis
574 2683 607 2737 ac
622 2671 770 2728 rationibus
791 2673 902 2746 pagina

31 2751 90 2810 fere
105 2766 223 2811 omnes:
245 2760 319 2806 tanta
331 2761 425 2809 autem
445 2745 637 2819 exemplorum
660 2746 765 2821 copia,
791 2759 823 2806 ut
836 2745 910 2808 nihil·

31 2827 114 2904 pollit
127 2823 182 2886 effe
197 2825 370 2884 cumulatius.
400 2821 543 2896 quaecum
565 2823 602 2877 ita
627 2819 677 2884 stru
693 2863 704 2890 ‚
723 2839 777 2896 qua
794 2825 853 2898 jam
875 2839 906 2882 re

31 2920 200 2969 terreamur,
222 2912 269 2959 aut
282 2902 327 2959 eui
343 2899 434 2958 dolori
452 2894 603 2958 cedamus?
616 2897 703 2982 ‚Dion
718 2897 810 2966 certi,
830 2898 905 2990 quii

31 2980 154 3041 Platonis
168 2977 259 3037 schola
273 2976 404 3046 defluxit,
424 2973 489 3032 cum
512 2974 570 3048 ejus
585 2971 654 3036 filius
669 2973 697 3032 in
715 2975 815 3052 arrium
824 2993 849 3035 e
862 2987 908 3038 ee,-

31 3058 82 3116 ἃο
98 3053 220 3128 delapsus
233 3051 380 3119 interillet,
400 3070 458 3112 non
476 3050 565 3114 modo
579 3067 638 3110 non
652 3048 742 3112 doluit
752 3092 760 3117 ‚
769 3051 813 3108 sed
823 3052 910 3114 etiarn

31 3135 62 3191 in
79 3149 136 3197 eo,
155 3131 232 3206 quod
247 3128 395 3193 tumforti
409 3128 523 3200 agebat,
543 3125 701 3189 constanter
714 3127 834 3200 perllitlt.
852 3144 913 3200 quo

34 3208 114 3267 farto
125 3207 264 3282 judicavit
279 3207 309 3264 ὃ(
334 3206 374 3265 vir
396 3204 499 3276 sapiens
515 3204 574 3275 ‚sit
604 3202 722 3260 Platonis
745 3203 887 3278 discipulus
905 3245 915 3272 ,

35 3283 108 3360 quid
120 3296 246 3356 ceteros,
266 3282 316 3359 qni
330 3280 462 3354 sapientes
476 3279 569 3349 haberi
585 3277 703 3348 uolunt,
724 3279 815 3340 iacere
830 3293 917 3356 opur·

34 3373 103 3421 teat.
144 3360 185 3424 At
199 3357 369 3434 Trabeaspas
384 3355 473 3414 multo
488 3353 594 3414 fortius.
633 3353 768 3431 srquidem
790 3351 931 3426 liliimu·x

35 3437 133 3500 rientis
140 3479 153 3520 ,
173 3434 238 3514 turn
252 3437 328 3504 ferto
342 3433 529 3506 trajiceretur,
550 3430 607 3498 une
622 3433 680 3495 ullo
689 3431 809 3510 ,κακίας
822 3432 921 3499 dolore

351 3505 925 3590 mmmmr·uw
