2342 3892
252 158 367 235 βω]
467 145 982 221 M.T-unmtctennouts
1081 174 1085 188 ·

283 261 314 324 di
329 264 515 327 voluntatem.
531 268 627 345 itaque
646 265 759 326 inlitum
779 263 912 331 homiui,
930 262 1123 340 atqueinmtun

283 341 409 413 videtur,
428 354 461 402 nt
473 345 582 420 quoties
596 345 681 404 alium
696 333 863 409 hominem,
883 340 1133 418 quamvnalienmf

281 422 374 495 ptemi
388 421 543 480 calamitate
569 431 654 498 atque
678 416 931 481 aerumni‘videat.
951 418 1133 478 crucietutatit

281 509 352 566 mo,
369 514 442 567 nec,
460 495 480 556 fi
495 497 607 559 facultas
619 498 761 573 suppetat,
780 491 977 562 dimittendam
992 507 1065 568 putet
1075 497 1133 554 ilino

277 569 437 634 sublevandi
452 573 639 635 occationem.
659 591 744 651 quam
758 571 833 631 enim
847 569 922 645 ipse,
942 569 965 629 ii
984 587 1019 629 eo
1032 569 1089 630 loco
1099 575 1133 629 clu

278 645 342 720 iet,
362 650 561 726 benignitatem
576 651 624 712 sthi
637 650 771 786 imgattiti
787 658 911 724 optaret,
930 663 965 706 ea
980 659 1012 706 ut
1023 647 1051 706 in
1064 651 1124 706 aliun

278 732 389 795 utatur,
408 742 504 786 natura
523 729 605 788 tacita
620 745 674 804 qua
695 743 741 786 nm
764 743 837 785 voce
860 739 980 782 monete
999 740 1032 782 ae
1055 731 1133 800 precii

277 817 345 876 pete
358 804 476 866 videtur.
494 821 560 881 quae
572 806 653 882 igitur
668 803 714 863 stbi
728 804 843 862 evenire
857 797 933 876 posse
947 800 1053 860 dubitet
1065 819 1100 870 et,
1114 803 1133 882 il

275 883 468 955 contingant.
505 883 635 958 cut-angi
659 897 692 939 ac
715 877 864 954 perturbati
895 874 992 936 velit?
1012 889 1078 944 aut,
1094 885 1133 935 cul

278 973 338 1015 non
359 958 450 1030 potiit
474 957 596 1017 humana
615 957 659 1016 illa
680 955 761 1023 else.
788 955 818 1018 dt
839 955 970 1014 omnibus
991 937 1133 1025 hominibusi

274 1033 435 1107 proclivia,
457 1033 595 1094 fateatur?
614 1047 720 1112 quanto
735 1031 833 1094 rediids
848 1030 913 1100 ille,
933 1030 984 1106 qui
1003 1030 1124 1090 hominen

235 1154 237 1161 .
273 1109 303 1168 se
317 1111 456 1185 agnoscit,
475 1109 600 1188 nihilque
614 1110 730 1172 humaui
757 1107 817 1168 ise
836 1107 961 1167 alienum
981 1106 1077 1182 putat?
1092 1112 1124 1167 in·

274 1185 416 1262 quecun
436 1187 509 1248 hanc
532 1205 566 1246 ex
590 1189 688 1247 animis
712 1185 807 1248 nostris
822 1183 1012 1262 opinionem,
1031 1185 1124 1243 maleo·

273 1264 353 1322 mnia
365 1282 425 1324 non
439 1263 493 1324 elie
506 1265 642 1332 hnmana.
666 1263 751 1324 veluti
764 1262 906 1321 immitem
921 1261 1083 1336 quandam.
1105 1265 1133 1330 ὃ(ἶ

262 1339 428 1418 ,immanem
445 1340 582 1409 belluam,
599 1341 814 1411 exttntetimus,
831 1337 965 1414 prolecto
988 1337 1070 1398 minis
1086 1341 1133 1416 mit

272 1414 349 1486 sete,
368 1418 516 1496 minusque
528 1415 639 1480 sollicite
652 1419 787 1476 vivemus.
826 1414 1002 1492 relinquetur
1014 1417 1078 1474 enin
1093 1415 1133 1480 illi}

169 1527 172 1532 -
248 1490 252 1507 ‘
271 1494 423 1567 cogitatio,
442 1510 631 1572 quaecumque
644 1495 793 1560 accidant,
814 1492 923 1552 sortiter
947 1490 1060 1551 ferenda
1072 1488 1120 1554 elit.

271 1570 397 1647 nihilque
411 1571 487 1647 poffe
501 1572 611 1632 homini
627 1571 759 1639 evenire,
779 1585 838 1648 quo
854 1566 982 1628 funditus
996 1569 1119 1646 prolem·

271 1657 327 1707 tur.
345 1647 429 1723 idque
443 1649 479 1711 ita
494 1649 569 1717 etit,
590 1647 610 1707 st
624 1645 826 1720 nobismetipsis
845 1661 907 1704 non
927 1644 1118 1710 affentabimur,

178 1718 181 1725 ’
269 1721 317 1782 sed
331 1725 492 1794 veritatem,
510 1741 565 1800 qua
576 1723 643 1784 nihil
658 1723 830 1798 praeclatius,
850 1719 1050 1796 ptaeilabtliue,
1074 1723 1116 1778 ube·

269 1801 326 1859 tiut
339 1798 393 1866 effe
406 1802 511 1878 potest,
530 1812 594 1860 toto
608 1799 721 1878 pedore
736 1797 964 1877 amplediemur.·
984 1799 1047 1858 haec
1064 1799 1116 1858 enin

213 1934 217 1942 f
267 1875 313 1940 illa
326 1877 383 1948 est,
402 1895 487 1954 quam
508 1875 642 1948 affectati,
669 1877 796 1938 meliores
816 1873 907 1935 multo
930 1875 1118 1944 efficimut‚lt

165 1978 168 1989 ‹
267 1956 304 2012 ad
317 1955 480 2029 perferenda
493 1954 695 2027 incommoda,
714 1953 898 2030 praeclaraque
910 1953 1062 2029 peragenda
1079 1951 1119 2008 ala·

266 2033 379 2090 crimes.
417 2029 482 2090 citm
497 2031 580 2101 nihil,
601 2029 740 2108 niiiquod
755 2028 862 2090 redium
896 2029 927 2089 dt
954 2047 1065 2108 aequun
1078 2027 1118 2092 eit.

266 2105 402 2166 landabile
415 2109 599 2178 arbitramur,
627 2108 750 2184 nihilque
771 2105 868 2174 aliud,
887 2105 938 2165 nifi
953 2109 1063 2184 egregia
1074 2105 1117 2170 tlt.

266 2199 304 2243 ex
317 2183 415 2262 quibus
428 2201 493 2244 veta
507 2183 594 2259 gioria
610 2185 743 2254 nascitur,
763 2183 928 2260 expetimus.
946 2182 997 2243 Ac
1012 2183 1075 2244 mihi
1091 2182 1118 2238 ti«

268 2261 339 2324 deor
357 2261 439 2323 nimie
456 2261 544 2339 etiam
566 2277 643 2324 nunu
663 2258 775 2338 anguste
807 2273 890 2337 atque
920 2259 1031 2320 exiliter
1050 2275 1116 2334 agen.

234 2383 237 2388 .
265 2339 315 2414 qui
337 2339 413 2399 euim
427 2338 508 2403 latior
530 2337 614 2413 objici
636 2355 751 2414 campus
769 2348 879 2416 queat,
918 2337 947 2396 in
969 2354 1032 2456 Ῥω
1050 2335 1115 2395 iden·

263 2412 318 2479 tiits
347 2429 431 2492 atque
458 2413 570 2480 alacrida
606 2413 740 2480 exsultare
762 2413 843 2490 posfit
868 2414 986 2478 oratio.
1025 2414 1067 2474 sed
1088 2412 1116 2470 n-

262 2493 335 2552 ciam
359 2490 559 2568 impudenter,
577 2490 598 2550 fl
619 2491 787 2552 medicinam
809 2489 935 2550 deserens
956 2492 1114 2552 animorum.

261 2583 405 2646 quamex
423 2569 554 2627 omnibus
575 2567 700 2628 maxime
728 2568 825 2628 utilem
845 2564 900 2628 effe
927 2568 1053 2646 intelligo
1069 2609 1076 2635 ,
1092 2563 1114 2621 ad

261 2662 356 2703 meam
373 2645 453 2705 unius
465 2643 680 2704 delectationem
688 2643 846 2704 sermonem
861 2661 980 2710 omnem
994 2658 1116 2706 mentem·

259 2737 317 2798 que
334 2736 507 2780 convertam.
546 2721 686 2781 Dolorem
701 2722 784 2800 igitur
795 2723 878 2786 nimis
902 2737 996 2782 actem
1025 2739 1056 2782 ac
1069 2720 1116 2777 diu·

260 2809 375 2862 turnum
397 2797 560 2874 fugiendum
581 2797 710 2862 diximus.
748 2800 777 2858 dt
800 2798 914 2875 quidem
935 2798 1115 2874 probabiliter:

259 2875 326 2939 clun
341 2894 376 2935 ex
389 2891 426 2934 eo
440 2876 511 2933 mala
524 2873 632 2944 multa,
652 2874 832 2954 maximeque
854 2875 946 2952 gravia
967 2876 1114 2936 soleantet·

259 2956 341 3015 otiti:
363 2966 458 3012 contra
473 2950 542 3010 veto
555 2951 623 3011 nihil
638 2951 715 3017 boni.
753 2969 846 3029 neque
861 2954 937 3012 enim
953 2951 1035 3012 dolor
1048 2969 1078 3008 ex
1091 2949 1112 3005 il·

257 3030 290 3098 lis
301 3030 380 3088 rebus
394 3028 449 3099 eil,
468 3028 497 3087 in
511 3028 610 3106 quibus
623 3029 668 3090 vel
681 3027 717 3089 ad
731 3029 904 3106 probandum
921 3071 929 3098 ,
949 3029 996 3088 tel
1008 3029 1042 3090 ad
1060 3028 1115 3083 titu-

257 3107 412 3184 petandum
431 3147 439 3174 ,
459 3105 545 3169 muita
577 3105 609 3164 δι
638 3122 738 3180 magna
770 3106 1112 3166 contrariarum·tatiouu1n

256 3187 332 3260 paria
353 3195 499 3243 momenta
521 3180 712 3273 agnoscantur.
750 3181 808 3240 hoc
836 3183 912 3242 enim
933 3179 953 3240 st
975 3181 1112 3262 acciderit,

254 3276 370 3333 agerem
386 3257 584 3326 verecundius,
602 3277 695 3336 neque
710 3275 757 3320 me
777 3259 806 3316 in
825 3277 890 3318 eum
912 3259 1008 3325 locum
1027 3257 1111 3316 demit·

257 3348 366 3403 terem,
386 3335 461 3398 unde
476 3333 583 3394 nullum
599 3333 679 3410 plane
693 3337 799 3395 exitum
814 3335 949 3401 viderem.
969 3335 1038 3402 Sed,
1052 3347 1111 3408 quo
1132 3323 1133 3394 i

260 3413 337 3471 niam
353 3410 416 3471 haec
440 3411 477 3468 ita
497 3410 524 3470 se
545 3411 671 3481 habent,
692 3412 835 3473 contendo
852 3453 862 3481 ,
882 3411 1049 3474 vincendum
1068 3402 1112 3465 elie
1132 3429 1133 3444 1

257 3487 413 3558 annuum,
432 3485 579 3567 dolorique
608 3489 705 3563 aetiten
734 3488 931 3556 obsistendum.
967 3488 1022 3550 five
1048 3486 1111 3544 enin

442 3578 444 3582 ’
914 3625 917 3632 ,
1004 3571 1113 3627 nosmet·
