2342 3892
227 130 701 199 ·Cousonorro
837 145 920 216 ss&

43 240 137 307 irunt,
155 233 190 298 ab
208 237 241 299 iit
258 235 455 316 refugientes,
473 239 547 300 clim
572 236 743 316 sepeliendos
764 235 921 305 curabant,

44 333 110 376 nec
119 314 180 375 ullo
193 313 299 392 prorius
310 318 421 378 honore
433 317 536 376 itineris
549 313 755 393 prosequendos
762 313 923 374 statuebant.

46 405 166 451 tantum
186 392 370 460 in,laemineis
388 411 504 472 quoqne
522 394 621 453 animia
641 391 725 451 decus
738 401 870 465 poterat,
890 389 923 448 de

47 469 176 528 studium
190 470 295 546 gloriae.
310 547 317 558 .
331 488 388 548 qua
405 489 441 529 ex
453 482 537 546 geute
550 471 634 528 etiam
649 467 717 528 illud
730 467 765 527 ad
785 484 838 526 nos
852 482 924 542 prae-

48 547 161 606 clarum
177 547 347 618 dimanant,
366 561 485 606 matrem
492 546 632 623 quandam
646 545 751 612 lilium,
771 543 838 602 senis
853 559 924 601 con·
1020 602 1023 612 ,

48 620 161 683 folium
174 622 350 694 uulneribus,
369 625 600 683 intuentem‘nec
622 624 764 700 ingemere
785 617 923 688 voluisse,

50 716 113 759 nec
125 716 262 762 coronam
277 699 397 777 ecapite
410 700 551 775 deponere
567 743 578 770 ,
596 698 642 760 sed
661 699 697 758 ad
718 697 836 756 comites
854 713 926 755 con·

51 775 188 846 versam,
203 778 240 836 ita
260 777 407 837 locutam:
434 781 551 854 Quanto
572 776 690 848 pulcrius
724 777 752 834 dt
779 772 927 850 optabilius

53 853 118 923 est,
137 856 167 914 in
180 855 238 914 acie
252 853 387 914 victorem
401 856 523 913 animam
539 854 652 923 efflare,
670 851 756 928 quim
770 851 799 910 in
822 850 926 926 Olytn·

51 931 110 1066 flio
123 933 272 990 certamine
282 930 359 1006 parti
373 930 488 998 vidiotii
500 927 653 990 vivere?at
660 931 710 988 alia
718 928 804 988 filium
812 929 841 986 in
855 943 928 1003 prae·

68 1007 102 1063 'o
115 1006 291 1066 iurulentum
306 1007 437 1077 audiens,
455 1007 576 1077 iccirco,
594 1007 700 1082 inquit,
717 1021 867 1080 genueram
879 1015 928 1071 ,ut

56 1095 185 1142 mortem
207 1102 260 1159 pro
279 1086 363 1159 patria
390 1086 499 1145 fortiter
516 1084 685 1143 occumbere
704 1098 763 1142 non
783 1080 931 1142 dubitaret.

59 1159 144 1233 Quid
156 1160 199 1218 his
211 1161 329 1220 feminis
342 1162 442 1228 facias,
461 1174 508 1222 aut
521 1179 580 1238 quo
597 1179 658 1220 non
672 1159 781 1217 honore
813 1174 846 1216 ac
866 1174 929 1232 gra-

54 1236 200 1296 tulatione
215 1235 307 1312 dignae
319 1250 413 1313 putot,
432 1256 497 1316 quae
510 1237 546 1296 de
559 1238 655 1313 patriae
668 1236 816 1311 dignitate,
835 1232 930 1308 deque

54 1313 149 1386 gloria
164 1310 304 1382 sollicitae,
322 1315 466 1374 honestam
481 1326 604 1374 mortem
617 1314 703 1372 cuivis
722 1311 799 1370 saluti
831 1327 864 1368 ac
884 1311 930 1370 lu·

55 1407 112 1448 cro
126 1395 345 1462 anteponerentl
366 1391 429 1467 llgd
441 1386 530 1462 verb,
548 1409 619 1450 num
636 1389 763 1450 lacaenis
783 1389 929 1450 Romana·

54 1463 227 1525 rumvittua
240 1466 372 1526 inferior?
392 1485 440 1544 pat
460 1465 570 1529 fortalle
585 1509 596 1536 ,
614 1466 664 1526 nifi
686 1465 763 1524 malis
784 1465 868 1523 etiam
884 1465 928 1522 su-

52 1542 203 1618 periorem
216 1542 359 1617 appellare.
377 1545 463 1621 quim
478 1546 659 1612 fortisenirlr,
679 1543 709 1600 &
722 1559 806 1617 qnam
820 1541 930 1618 magni-

55 1618 117 1676 fica
132 1617 176 1674 illa
191 1617 330 1678 Corneliae
344 1639 419 1691 vox,
437 1639 502 1697 quae
517 1620 690 1680 duodecimo
700 1620 758 1694 jam
773 1620 840 1677 factu
849 1617 929 1676 ainis-

22 1741 25 1773 z
53 1694 114 1761 io,
132 1693 197 1752 eum
213 1693 358 1757 Tiberium
380 1700 411 1758 &
430 1699 532 1773 Cajum
552 1696 624 1756 filios
644 1695 805 1756 interfedos
823 1691 930 1770 speda-

21 1818 25 1853 ὲ
56 1767 161 1838 vruet,
177 1772 255 1831 nullo
267 1773 369 1834 timore
376 1774 513 1850 perculit,
530 1775 664 1850 nulloque
675 1771 774 1834 dolore
788 1769 929 1832 confedaa

21 1895 25 1931 :
59 1846 247 1928 Numquam,
266 1850 373 1926 inquit,
393 1869 448 1928 ego
463 1869 513 1910 me
526 1869 585 1910 non
593 1850 706 1908 felicem
720 1848 836 1907 dixerim
846 1865 931 1924 ,quae

60 1923 208 1983 Gracchos
225 1929 387 2001 pepererim.
411 1930 515 1987 fortem
530 1926 599 1986 verb
613 1927 779 1993 laerrrinam,
799 1927 828 1986 dt
844 1925 932 1984 cuivis

56 2018 98 2059 ex
112 2003 249 2062 veteribus
264 2004 365 2063 mentis
383 2003 558 2080 praeliantiri,
578 2020 611 2061 ac
632 2001 823 2078 magnitudine
843 2002 933 2063 animi

22 2126 24 2129 .
55 2077 274 2141 conferendam·
312 2082 463 2140 nonenim
479 2081 570 2141 dolori
584 2080 736 2147 conceliit,
748 2077 800 2138 led
822 2076 931 2154 potius,

21 2154 25 2207 ἶ
56 2152 131 2212 cum
147 2154 382 2226 uirtuteuiciffet,
401 2157 498 2216 vietelx
513 2158 549 2217 de
563 2156 661 2216 dolore
673 2155 847 2230 triumphum
867 2156 935 2228 egit.
1001 2161 1016 2178 '¹

22 2232 23 2239 ’
58 2230 144 2289 Nihil
156 2231 213 2306 jam
230 2232 361 2293 Rutiliam
377 2236 528 2304 miremur,
548 2250 614 2308 qnae
629 2235 666 2290 C.
678 2232 792 2290 Cottam
807 2229 934 2290 filiumirr

21 2306 25 2369 j
56 2305 190 2371 calidum
203 2306 311 2375 secuta,
330 2309 395 2368 cinn
409 2311 501 2384 polica
520 2308 658 2369 reverlbm
672 2309 714 2366 'in'
729 2309 847 2383 patriam
862 2307 936 2366 ami·

21 2386 23 2446 ζ
54 2378 152 2451 fiffet,
172 2401 260 2443 nemo
273 2402 334 2442 eam
349 2387 550 2464 lacrymantem
562 2385 624 2460 post
638 2385 741 2442 elatum
757 2381 840 2442 funus
855 2382 936 2445 vidit.

22 2462 23 2467 ’
57 2461 180 2535 parique
200 2461 260 2526 lato
280 2461 379 2521 Clodia
399 2463 444 2522 usa
465 2463 525 2531 est,
553 2476 618 2538 quae
640 2463 677 2524 D.
693 2459 809 2522 Brutum
824 2458 933 2530 filium,

55 2535 264 2606 consularem,
287 2552 432 2599 mortuum
451 2537 581 2613 superstes
601 2537 671 2600 vidit
689 2579 697 2606 ,
717 2553 810 2612 neque
838 2549 935 2598 tamen

58 2615 124 2688 ejus
138 2612 251 2672 obitum
264 2631 323 2674 non
344 2617 451 2677 fortiter
477 2619 507 2674 bt
522 2615 635 2690 patienti
650 2615 747 2674 animo
760 2613 831 2672 tulit.
868 2629 937 2687 quae

58 2689 173 2748 uirtutis
186 2707 245 2748 non
261 2691 380 2765 vulgaria
391 2694 420 2752 in
441 2692 562 2751 faeminis
583 2690 712 2764 exempla
733 2689 824 2750 mirari
839 2688 938 2765 aliquit

59 2764 163 2839 pouit,
182 2767 233 2842 qui
248 2765 325 2831 seriis
346 2768 566 2828 imbecillitatem
591 2785 625 2825 ac
648 2765 796 2826 mollitiem
822 2766 938 2839 cogitet.

63 2854 93 2902 at
106 2840 195 2910 verit,
216 2844 264 2918 qui
278 2844 428 2904 forriffimis
448 2846 552 2920 genitas
574 2843 729 2918 parentibus
745 2883 754 2906 .
774 2843 805 2903 δι
820 2840 938 2926 fortibus

64 2918 152 2979 etiam
172 2920 231 2980 avis
247 2962 251 2968 .
265 2921 470 2996 majoribusque
491 2933 636 2996 prognatae
657 2917 815 2986 recordatus
835 2917 938 2987 fuerrt,

62 2994 156 3053 nihilo
167 2995 203 3053 ab
216 2997 255 3061 eis
269 2998 409 3057 minorem
424 2999 469 3055 tel
481 2997 673 3072 prudentiam,
683 2993 938 3072 velanimimagni7

61 3069 192 3129 tudinem
206 3073 334 3150 requirat.
373 3073 419 3136 Eli
432 3089 501 3149 ergo
515 3072 567 3134 ulla
583 3089 625 3134 res
640 3072 725 3139 tanti,
745 3081 792 3128 eut
805 3085 940 3128 commo·

61 3147 132 3206 dum
149 3147 237 3208 ullum
251 3162 310 3207 tam
327 3150 532 3225 expetendum,
553 3162 603 3216 ut,
621 3147 669 3206 illo
682 3145 804 3214 amilio,
824 3163 860 3206 ne
874 3161 940 3220 pru·

60 3223 188 3282 dentiam
205 3226 320 3301 quidem
337 3223 524 3285 retineamus?
544 3241 610 3302 quae
624 3221 644 3281 li
660 3223 712 3282 ulla
726 3223 756 3280 in
776 3222 856 3283 nobis
876 3221 941 3282 resr-

62 3298 126 3370 det,
149 3318 206 3360 nos
219 3300 348 3375 profedid
363 3301 408 3360 uel
422 3304 521 3369 avitae,
543 3301 588 3359 vel
608 3301 705 3374 patriae
720 3298 826 3356 virtutis
840 3296 943 3356 admo·

61 3391 129 3448 net,
147 3391 206 3437 nec
219 3376 255 3443 de
269 3378 436 3460 Pilonibus,
456 3379 559 3447 Fabiis,
579 3376 684 3442 Brutis,
705 3373 845 3434 Marcellia
865 3375 945 3447 cogi·

58 3453 170 3540 tanto,
187 3467 264 3535 quoa
277 3455 444 3540 imitemmp
457 3456 490 3523 uc
513 3451 650 3540 equibus
670 3464 767 3532 ortum
786 3449 947 3592 ducturum,

933 3553 948 3584 ἵ
