2342 3892
225 125 322 210 {4¹⁸⁶
423 118 949 190 M.TuonrrCrenn'ours

227 237 383 327 eandorem
399 237 529 316 polium,
544 257 635 317 ‘quam
650 255 742 310 eum,
767 257 857 322 quern
876 237 982 316 Apollo
999 237 1060 316 iple
1077 235 1115 298 sa·¹

236 317 437 405 prentrilimum
450 320 582 406 omniunt
597 317 788 406 pronuntiavit
798 318 811 376 i
822 317 911 394 cujus
923 317 1114 378 testimonium

238 390 294 449 tale
308 393 386 460 furt.
405 409 438 453 ut
459 395 570 484 cinnor
590 393 644 456 elle
667 395 816 483 hommum
838 395 976 463 animos,
996 395 1030 452 &
1053 411 1114 464 eos,

232 485 362 636 illm
377 472 504 638 lim
519 473 831 611 litaturum
846 471 957 636 reeb
972 468 1116 636 imm:

239 620 362 757 llil?
375 625 685 762 lllsl‘llllrlll
695 623 973 762 llllltlllt⁰⁵
985 641 1115 761 ”llll

157 798 165 818 ν
214 719 486 863 'semper‘loniiar'ra
507 781 564 840 fuit·
579 722 702 856 opffnio,
730 777 839 838 demitti
858 743 972 836 animos
992 717 1117 846 genio,

241 851 403 931 drrrnaeque
417 857 579 944 merttiaens
594 855 647 915 elle
660 854 820 943 nonjsolirm
835 871 937 916 munus
947 854 1013 924 ,sed
1037 857 1116 914 etiam
1141 859 1142 928 l

199 1078 201 1081 v
243 945 791 1098 ltltlllitllltttbllllll·‚
810 931 1117 1094 qlllbltltflt‘lf

242 1083 370 1144 millimu
382 1104 411 1145 m
425 1082 497 1147 haue
510 1088 673 1146 senteutiam
691 1100 859 1161 argumentis
874 1085 1047 1160 respondere
1062 1085 1117 1160 pol·

139 1207 147 1217 .
238 1157 295 1228 lit,
312 1163 445 1222 inueniet.
483 1164 529 1223 Sic
542 1165 619 1223 enim
636 1161 718 1239 plane
735 1163 888 1238 cognosci,
908 1179 943 1220 ac
963 1161 1043 1221 sensu
1064 1163 1118 1238 ipsu

238 1236 386 1311 diiudicari
406 1241 518 1316 potest:
539 1242 677 1302 summam
699 1237 914 1316 elsepaeneque
927 1239 1119 1299 incredibilem

178 1314 183 1327 '
244 1315 274 1373 in
289 1318 569 1379 rotmirceleritarern
589 1336 622 1378 ac
636 1317 839 1376 festinationem
851 1316 948 1390 ,cujus
964 1329 1041 1392 ope,
1056 1335 1120 1393 qun

239 1401 348 1466 'corpur
360 1411 418 1459 non
434 1394 524 1454 modu
539 1409 619 1454 certo
632 1393 788 1463 mensi-um,
807 1393 853 1452 sed
869 1396 915 1450 vix
929 1394 1020 1451 etiam
1034 1411 1120 1454 anno-

246 1485 310 1530 tum
336 1470 424 1545 spatio
438 1471 569 1546 perficere
589 1486 672 1548 atque
687 1471 798 1547 exsequi
813 1466 922 1543 poliet,
943 1487 978 1527 ea
996 1470 1048 1544 ipli
1063 1489 1117 1530 non

244 1546 336 1605 inodo
350 1548 434 1616 semel
449 1549 553 1622 poncio
568 1549 703 1624 temporis
715 1562 893 1621 percuttere,
906 1546 953 1604 sed
968 1548 1057 1606 etiarn
1077 1549 1117 1608 sae-
1142 1605 1143 1618 ,

246 1627 309 1700 pius
323 1629 483 1699 excogitare
503 1630 532 1685 &
555 1640 679 1702 repetere
700 1622 830 1683 facillime
849 1635 964 1700 queant.
1006 1626 1116 1702 quodi
1142 1625 1143 1686 ἶ

170 1718 173 1725 ·
242 1704 350 1762 auitum
368 1703 494 1769 videtur,
515 1721 563 1762 cut
587 1721 646 1762 non
667 1701 852 1762 admirabilius
871 1700 1047 1771 censeatur,
1066 1722 1114 1761 rne
1142 1753 1143 1778 p

198 1794 200 1801 ·
240 1777 356 1839 minilse
369 1783 496 1838 animum
511 1795 567 1840 tam
583 1778 693 1849 muita,
721 1777 969 1838 innumerabilibus
993 1779 1088 1839 antei
1105 1811 1115 1822 ·

242 1856 315 1916 culn
329 1858 417 1932 gella:
440 1875 505 1933 quae
515 1851 609 1917 lutura
623 1857 700 1924 sunt,
721 1853 873 1930 cogitando
886 1854 1048 1929 prospicere
1063 1901 1071 1926 ‚
1091 1875 1118 1915 re

244 1951 306 1996 non
321 1933 410 1997 modo
426 1935 593 2008 praesentia,
620 1933 664 1992 sed
687 1934 772 1991 etiam
793 1931 933 2006 praeterita
956 1933 988 1990 δι
1008 1935 1118 2003 futura,

246 2012 333 2077 ueluti
349 2012 453 2078 deum,
473 2014 570 2069 onmia
588 2009 738 2086 compledii
756 2051 764 2079 ‚
786 2025 819 2066 ac
831 2008 879 2066 iub
894 2009 997 2068 oculos
1010 2012 1119 2087 subjice-

247 2089 410 2148 renouari?
429 2089 491 2163 quia
505 2089 628 2154 dubitet,
648 2085 710 2146 cum
728 2087 790 2145 haec
803 2085 1117 2163 intelligat,eadernque

246 2166 277 2229 in
291 2166 389 2245 seipso
404 2165 550 2242 agnoscat,
570 2165 697 2224 divinum
712 2162 766 2222 elle
777 2163 923 2230 animum,
945 2179 1023 2234 nec,
1045 2166 1065 2226 sr
1084 2169 1118 2225 di·

188 2311 191 2316 ,
251 2245 316 2302 vina
331 2258 435 2302 autema
450 2244 529 2310 sune,
548 2243 636 2316 ipsum
650 2238 705 2300 elle
726 2239 874 2300 mortalem
890 2237 915 2297 ?=
932 2237 1116 2318 elimpraeler·

250 2324 323 2390 tim,
343 2322 447 2380 duabus
460 2339 494 2378 ex
508 2320 587 2378 rebus
602 2361 611 2388 ‚
631 2335 697 2394 quae
711 2319 859 2394 praeclpuae
882 2317 911 2374 in
933 2319 1035 2378 animo
1050 2321 1117 2388 sunt,

250 2396 321 2457 illius
335 2413 437 2462 aererna
450 2409 545 2455 natura
559 2395 639 2457 facile
661 2394 774 2471 intelllgi
794 2409 827 2451 ac
843 2391 1015 2466 deprehendi
1037 2401 1117 2474 pollii.

249 2476 317 2535 baec
331 2490 425 2535 aurem
444 2473 531 2544 sunt,
557 2488 651 2533 motus
667 2515 675 2540 ‚
694 2473 743 2546 qui
770 2474 798 2529 in
827 2487 865 2526 eo
884 2474 1046 2546 proecipuus
1069 2477 1117 2542 eil.

252 2556 420 2627 principium
442 2569 474 2609 ae
489 2551 663 2626 perpetuitas.
685 2549 748 2608 clim
763 2547 838 2606 enim
854 2563 889 2604 err
903 2547 995 2622 seipso
1010 2569 1120 2612 movea-

251 2647 312 2701 tut,
332 2649 386 2689 nee
401 2629 527 2697 aliunde,
545 2641 578 2687 ut
594 2643 702 2695 cetera,
721 2625 886 2700 principium
900 2623 999 2685 mutius
1015 2646 1120 2689 mutue·

252 2723 312 2771 tur.
334 2709 441 2766 summa
456 2721 549 2763 autem
565 2708 592 2763 iu
608 2721 664 2778 eo,
683 2701 818 2781 quamdiu
828 2703 854 2758 iu
869 2719 990 2776 corpore
1003 2707 1121 2782 ell‚per·

252 2790 372 2868 petuitas
394 2784 488 2845 molire
510 2798 662 2856 appareat,
680 2785 783 2858 quippe
803 2795 869 2864 quae
895 2781 981 2836 etiam
1003 2785 1032 2842 in
1062 2783 1121 2843 dor·

253 2863 406 2923 mienribue
419 2859 580 2938 agnoscatur
600 2861 629 2917 δι
654 2862 767 2936 vigeat:
789 2857 891 2913 iccirco
911 2855 1031 2917 dubitari
1050 2864 1119 2920 nullo

253 2943 463 3014 modoinum,
483 2941 551 3015 quin
565 2937 675 2997 divinus
687 2937 738 3006 stt,
758 2937 788 2992 bc
809 2931 991 3005 sempiternus
1011 2937 1120 2998 futurus.

254 3023 284 3080 b<
305 3018 368 3078 lane
388 3018 426 3076 ita
446 3016 500 3076 elle
519 3017 590 3074 ratio
613 3016 723 3081 vincit,
751 3013 778 3068 dc
801 3025 891 3067 terum
913 3011 1014 3082 probat
1029 3019 1121 3074 exitus.

142 3137 146 3141 -
252 3101 312 3158 Dei
328 3098 404 3155 enim
419 3090 513 3169 imago
528 3087 658 3168 quaedam
674 3096 783 3149 animus
797 3086 849 3154 eli,
870 3105 904 3144 ex
921 3085 980 3160 ipso
998 3090 1063 3150 Deo
1078 3094 1120 3150 de.

255 3178 339 3237 libata
372 3191 405 3232 ac
425 3171 560 3248 proiecit.
589 3169 677 3245 ¹¹quiid
693 3169 712 3226 fi
730 3169 805 3224 Deus
825 3165 1039 3226 immortalitate
1060 3172 1119 3228 frui·

255 3267 317 3319 turn,
336 3269 386 3311 cur
399 3268 461 3310 eam
478 3262 604 3321 partem,
624 3263 708 3322 quam
724 3263 758 3302 ex
772 3240 857 3314 seipso
872 3239 1004 3312 sumpsit,
1025 3263 1120 3304 morra·

255 3331 312 3389 lem
328 3328 382 3388 elie
395 3324 483 3386 velit?
502 3327 570 3401 quin
593 3325 648 3382 hoc
664 3322 721 3396 ipso
743 3318 904 3394 iugularem
924 3321 964 3376 ’δι
992 3323 1116 3381 eximiam

252 3406 377 3471 divinam
393 3402 448 3462 elle
459 3403 518 3460 vim
533 3400 712 3460 indicandum
728 3397 850 3473 putavit,
871 3393 949 3471 quod
965 3413 1022 3456 non
1036 3400 1118 3458 solum

251 3481 309 3567 ipse
325 3479 490 3546 inmortalis
504 3478 560 3550 lli,
578 3478 625 3540 secl
641 3479 743 3546 etlam,
762 3489 834 3554 quoe
848 3473 931 3543 velie,
946 3475 1008 3534 *suae
1019 3487 1118 3534 naturae

265 3601 268 3606 ·
987 3593 995 3602 -
1043 3569 1117 3614 cun·
