2342 3892
257 119 344 213 2078.
446 96 500 198 M.
521 127 691 194 Tuum
712 119 966 192 cressonis

256 243 317 315 liti,
337 245 460 324 ideoque
474 246 562 305 leuius
575 245 693 325 ferendi.
732 245 781 322 'qui
795 244 874 306 ‘euim
889 236 1126 306 hbt'tiinemieeie

257 323 379 397 agnoscit
392 338 404 392 '‚
430 325 610 397 hominisque
633 329 741 382 bornen
768 321 816 400 fibi
837 319 963 380 vindicat
984 362 994 389 ‚
1015 335 1062 379 cut
1082 338 1121 390 ea,

256 416 322 474 quae
349 400 472 459 hominis
488 398 612 457 maxime
637 402 745 476 ptopna
763 399 849 469 stint3
876 395 1001 456 recusare
1020 415 1054 456 ac
1077 405 1121 474 reji-

256 493 322 533 cere
336 475 458 535 audeat?
477 477 554 551 quod
569 475 649 534 stmui
665 489 694 534 ut
710 473 831 544 feciilet,
849 473 1061 550 &imprudens
1078 520 1086 546 ‚
1103 481 1121 535 b·

257 552 371 625 injustus
393 551 495 609 meriti>
513 553 666 611 haberetur.
703 554 799 629 Atque
819 549 865 610 hic
891 549 1013 624 locusd
1038 551 1122 612 Theo·

171 628 176 636 “
258 629 368 704 phraiio
384 629 492 703 egregie
518 628 646 688 tra'diatu's
672 631 701 688 δι
724 627 871 704 perpolitus
894 625 1120 708 estqitemquet

261 704 437 764 Xenociate:
457 723 577 780 quotum
591 714 708 782 uterque
725 723 794 774 eos‚'
811 706 859 780 qui
879 721 915 762 co
984 705 1056 763 unes
1069 709 1121 764 casu

260 781 410 852 recusant,
443 780 637 856 imprudentiae
676 793 758 858 at'que
779 782 914 857 injustitie
954 781 1107 860 ondemmt

261 857 329 915 alter
358 860 442 916 etiam
464 859 513 916 diis
532 858 592 933 ipfis
622 858 747 917 advetios
775 877 834 917 non
862 857 969 940 dubita't
993 863 1117 934 appella-e

257 934 340 1009 quod
355 936 439 992 etiam
455 936 562 1010 gravius
577 937 683 994 crimen
698 936 752 1004 eii,
772 949 805 993 ac
824 936 871 994 vix
888 935 914 992 in
930 934 1058 994 homine
1071 941 1123 995 tole·

189 1053 192 1056 .
248 1007 362 1083 nabil'e:
384 1013 457 1086 qui.
478 1011 541 1068 citur
557 1013 653 1070 'omnia
668 1011 716 1070 diis
737 1011 938 1070 immortalibus
959 1027 1079 1088 accepta
1096 1032 1123 1070 re·

261 1087 335 1146 ferre
349 1087 463 1155 debean,
482 1094 601 1164 qnorum
619 1099 673 1163 ope
689 1089 774 1154 vivit,
794 1088 945 1162 intelligit,
966 1089 1044 1162 agit;
1065 1090 1123 1147 neo

262 1170 327 1222 ium
343 1166 478 1222 voluntati
493 1162 626 1241 repugnet
641 1207 650 1234 ,
670 1183 734 1222 curn
751 1163 824 1232 diis,
862 1167 1014 1239 gigantum
1038 1186 1122 1223 more⁴

262 1234 363 1318 bellare
377 1242 522 1299 videbitur.
560 1238 634 1299 Haec
651 1239 745 1300 aut'e'm
759 1239 864 1316 perite,
885 1253 917 1298 ut
930 1239 1012 1310 dixi,
1031 1242 1044 1300 d
1066 1247 1124 1300 mul·

262 1319 298 1376 tis
310 1315 422 1375 tractata
437 1317 504 1392 sunt,
541 1319 589 1377 sed
603 1326 656 1394 'ego
671 1315 835 1376 Crantorenr
850 1315 971 1393 sequor!
994 1319 1068 1396 cujus
1081 1322 1124 1394 leg.

262 1393 378 1452 brevem
393 1393 469 1452 illum
485 1394 599 1469 quidem
620 1437 627 1463 ‚
652 1394 700 1453 led
721 1393 786 1452 vere
801 1395 916 1452 aureum
935 1403 945 1463 ’,
967 1393 1000 1454 8(
1016 1417 1025 1466 3
1044 1411 1068 1453 nt
1081 1398 1123 1453 Pa-

204 1514 207 1520 .
263 1472 352 1529 'traetio
365 1469 483 1544 placuit',
503 1471 537 1528 ad
552 1472 668 1530 verbum
682 1470 858 1530 ediscendum
873 1469 911 1530 de
925 1469 1007 1530 lustu
1022 1472 1122 1533 librum,

265 1563 324 1622 qno
339 1544 419 1603 acute
433 1547 587 1605 uniuersam
601 1547 704 1606 doloris
718 1547 886 1607 medicinam
910 1548 1077 1622 complexus
1090 1551 1114 1606 ei·
1138 1583 1139 1594 t

261 1624 309 1683 sed
325 1623 457 1681 humanae
472 1636 577 1683 naturae
591 1619 776 1698 incommoda
795 1625 832 1683 iia
862 1621 1015 1697 diligenter
1042 1629 1069 1685 δι
1089 1645 1116 1682 ts·

262 1699 356 1758 tutare
377 1699 528 1774 expreilit,
553 1714 585 1759 ut
611 1701 685 1776 quast
712 1700 879 1760 luendorum
902 1699 1042 1762 scelerum
1062 1703 1115 1760 cae':

264 1777 339 1836 nasci
350 1776 496 1844 homines,
517 1780 546 1836 8<
561 1780 590 1837 in
602 1775 674 1838 hanc
686 1777 779 1836 lucem
794 1777 900 1854 ingredi
915 1819 924 1844 ,
955 1779 1041 1854 poffis
1054 1799 1114 1854 agffi.

263 1853 359 1913 icere:
385 1853 441 1911 Fac
467 1855 542 1913 enim
565 1853 636 1914 nasci
659 1857 805 1914 hominem
829 1897 839 1923 ‚
859 1855 889 1913 ὅτ
912 1855 942 1912 in
965 1855 1061 1915 lneem
1080 1857 1116 1913 etz.

264 1929 402 1989 'continuo
416 1928 528 1998 senties,
550 1950 610 1991 non
625 1950 716 1990 rerum
733 1931 918 1990 humanarum
937 1931 1086 2006 dominum
1100 1939 1116 1989 u·
1137 1991 1138 2004 ¹

262 2008 476 2084 gubernatorem
492 2018 640 2078 exortum,
659 2010 705 2067 sed
718 2007 806 2066 venius
822 2007 997 2069 miseriarbtir
1010 2010 1117 2076 lemtim,

261 2095 347 2159 atque
370 2081 633 2144 incommodorum.
674 2103 738 2144 nam
759 2085 904 2145 infantiam
933 2086 966 2144 &
990 2090 1115 2162 puenna:

262 2161 385 2234 vagitus;
405 2160 564 2236 lacrymae,
589 2161 785 2230 inbecillima,
804 2160 892 2220 nullus
913 2167 970 2220 nec
999 2168 1115 2226 rationis.

215 2255 219 2263 ’
262 2254 319 2296 nec
332 2237 455 2311 corporis
467 2237 555 2316 tulus„
573 2238 684 2298 dolores
703 2239 893 2315 molestiaeque
916 2243 1114 2316 quampiunne

260 2314 473 2388 ample'd’tuntur.
512 2315 735 2375 Adolescenna'm
751 2313 832 2373 airdor
845 2313 961 2392 qu'idani
977 2320 1080 2394 exeipit
1092 2337 1116 2374 e·

260 2393 341 2458 tatis,
356 2409 413 2449 nec
428 2393 673 2466 prudentiaefnec
690 2391 788 2467 judicii
807 2394 926 2466 compos
941 2409 949 2449 ε
971 2411 1066 2454 rerum
1081 2397 1116 2451 un·

261 2463 332 2526 lium
358 2483 391 2523 ac
411 2468 586 2528 laudabilium
603 2469 800 2545 contemptior
822 2468 973 2543 voluptatis
987 2504 1008 2540 ,-
1021 2475 1052 2531 δί
1065 2473 1116 2543 iaepe

260 2543 436 2621 iurpitudinis
452 2548 603 2619 appetitior
623 2549 680 2605 veri
694 2547 761 2604 boni
775 2545 928 2620 ignoratio:
950 2549 984 2625 in¹
1004 2556 1080 2624 pares
1091 2551 1119 2605 ie·

260 2622 356 2688 rocla,
371 2620 401 2700 in
415 2619 564 2695 superiores
576 2621 697 2698 superbia
706 2645 718 2693 ‚·
735 2622 763 2682 in
777 2621 889 2681 infimos
904 2629 1073 2699 arroganna.
1094 2643 1118 2681 er

261 2697 305 2756 iris
318 2694 529 2770 contentiones,
548 2701 633 2769 rixae,
654 2697 834 2759 contumeliae
850 2697 998 2768 ‚affitibus
1014 2703 1120 2777 denique

262 2772 451 2850 molestiarum
467 2775 613 2835 concutitis
626 2777 747 2835 *existite
768 2779 802 2834 e'x
823 2777 902 2835 rebus
918 2778 1046 2838 honestis
1066 2799 1120 2838 eor·

260 2850 383 2929 demptis!
395 2849 537 2912 infelicitas
563 2856 593 2912 &
612 2855 748 2912 ininmia't
769 2871 804 2911 ex
824 2853 947 2928 turpibus
968 2857 1077 2916 curiost
1094 2875 1123 2913 u·

263 2929 347 3001 teptis
366 2929 396 2984 ilc
418 2928 599 3003 committis,
618 2931 724 2999 ludius,
745 2931 853 3000 morbi,
873 2943 1044 3005 perpetuum
1060 2937 1122 2992 den:-

263 3012 320 3076 que
332 3003 371 3060 ini
385 3003 465 3077 ipisus
480 3006 577 3064 odium
589 3029 597 3074 4
617 3008 772 3082 excognita'
786 3024 876 3066 rerum
886 3009 1013 3082 ttrrpiunt
1029 3023 1136 3069 merce-¹

263 3079 299 3139 de
320 3079 481 3141 conflatum.
519 3083 602 3142 Adde
624 3083 727 3143 insanas
753 3085 932 3159 pecuniarum
953 3085 1121 3162 largitiones,

262 3157 368 3234 nullam
383 3157 466 3216 futuri
481 3162 614 3235 temporis
632 3177 726 3218 curam
742 3167 761 3229 ,'
771 3179 829 3220 non
845 3163 969 3235 inopiae4
989 3172 1053 3222 non
1067 3167 1121 3222 lne-

263 3246 358 3290 torum
376 3276 385 3301 ,
405 3244 464 3293 non
486 3238 602 3311 tutoris,
629 3254 687 3296 non
709 3237 904 3313 poileromm;
925 3248 987 3298 non
1010 3242 1123 3297 familie.

262 3312 328 3392 quae
344 3309 425 3386 siquis
436 3313 523 3371 aetatis
544 3312 636 3388 potins
658 3315 747 3382 vitia,
767 3313 853 3391 quem
873 3329 982 3373 naturae
997 3316 1124 3380 miserias,

195 3413 198 3419 ·
262 3384 331 3469 uelit
343 3388 500 3459 appellare:
521 3407 693 3466 quamquam
713 3392 835 3451 nominis
855 3391 1041 3466 quaestionem
1057 3395 1125 3451 indu-

261 3465 330 3528 eat,¹
364 3477 424 3523 uon
446 3479 541 3528 tamen
561 3467 629 3544 ipsas
650 3468 684 3529 ab
712 3468 830 3534 homine
852 3467 1076 3548 minimaeque
1093 3471 1125 3524 in·

305 3548 311 3560 ⁸
896 3549 900 3552 ’
1053 3558 1123 3605 com·
