<?xml version="1.0" encoding="UTF-8"?>
<!DOCTYPE html PUBLIC "-//W3C//DTD XHTML 1.0 Transitional//EN"
    "http://www.w3.org/TR/xhtml1/DTD/xhtml1-transitional.dtd">
<html xmlns="http://www.w3.org/1999/xhtml" xml:lang="en" lang="en">
 <head>
  <title>
</title>
<meta http-equiv="Content-Type" content="text/html;charset=utf-8" />
  <meta name='ocr-system' content='tesseract 3.04.00' />
  <meta name='ocr-capabilities' content='ocr_page ocr_carea ocr_par ocr_line ocrx_word'/>
</head>
<body>
  <div class='ocr_page' id='page_1' title='image "./marcitulliicice02grongoog_0799.png"; bbox 0 0 2342 3892; ppageno 0'>
   <div class='ocr_carea' id='block_1_1' title="bbox 43 157 942 354">
    <p class='ocr_par' dir='ltr' id='par_1_1' title="bbox 43 157 942 354">
     <span class='ocr_line' id='line_1_1' title="bbox 285 157 942 232; baseline -0.027 -3"><span class='ocrx_word' id='word_1_1' title='bbox 285 157 716 232; x_wconf 74' lang='lat' dir='ltr'>Corsornrtm</span> <span class='ocrx_word' id='word_1_2' title='bbox 855 165 942 232; x_wconf 61' lang='lat' dir='ltr'>mm</span> 
     </span>
     <span class='ocr_line' id='line_1_2' title="bbox 43 257 935 354; baseline -0.043 0"><span class='ocrx_word' id='word_1_3' title='bbox 43 271 282 354; x_wconf 70' lang='lat' dir='ltr'>finetlarenque</span> <span class='ocrx_word' id='word_1_4' title='bbox 294 273 450 336; x_wconf 69' lang='lat' dir='ltr'>mannan</span> <span class='ocrx_word' id='word_1_5' title='bbox 465 267 638 333; x_wconf 69' lang='lat' dir='ltr'>reveniret:</span> <span class='ocrx_word' id='word_1_6' title='bbox 655 261 731 326; x_wconf 75' lang='lat' dir='ltr'>nant</span> <span class='ocrx_word' id='word_1_7' title='bbox 747 257 839 324; x_wconf 73' lang='lat' dir='ltr'>turer</span> <span class='ocrx_word' id='word_1_8' title='bbox 852 257 935 327; x_wconf 73' lang='lat' dir='ltr'>tana,</span> 
     </span>
    </p>
   </div>
   <div class='ocr_carea' id='block_1_2' title="bbox 22 335 1006 3574">
    <p class='ocr_par' dir='ltr' id='par_1_2' title="bbox 22 335 1006 3574">
     <span class='ocr_line' id='line_1_3' title="bbox 48 335 937 429; baseline -0.016 -21"><span class='ocrx_word' id='word_1_9' title='bbox 48 349 144 425; x_wconf 85' lang='lat' dir='ltr'>quod</span> <span class='ocrx_word' id='word_1_10' title='bbox 164 365 213 411; x_wconf 88' lang='lat' dir='ltr'>aut</span> <span class='ocrx_word' id='word_1_11' title='bbox 245 351 353 412; x_wconf 81' lang='lat' dir='ltr'>virilem</span> <span class='ocrx_word' id='word_1_12' title='bbox 373 351 401 412; x_wconf 87' lang='lat' dir='ltr'>in</span> <span class='ocrx_word' id='word_1_13' title='bbox 423 349 607 426; x_wconf 74' lang='lat' dir='ltr'>intelligendu</span> <span class='ocrx_word' id='word_1_14' title='bbox 623 339 764 429; x_wconf 79' lang='lat' dir='ltr'>judicandi</span> <span class='ocrx_word' id='word_1_15' title='bbox 800 355 835 396; x_wconf 93' lang='lat' dir='ltr'>ue</span> <span class='ocrx_word' id='word_1_16' title='bbox 856 335 937 425; x_wconf 73' lang='lat' dir='ltr'>rebus</span> 
     </span>
     <span class='ocr_line' id='line_1_4' title="bbox 46 415 933 506; baseline -0.005 -22"><span class='ocrx_word' id='word_1_17' title='bbox 46 429 263 506; x_wconf 80' lang='lat' dir='ltr'>prudentiam,</span> <span class='ocrx_word' id='word_1_18' title='bbox 282 442 331 487; x_wconf 88' lang='lat' dir='ltr'>aut</span> <span class='ocrx_word' id='word_1_19' title='bbox 352 427 515 502; x_wconf 80' lang='lat' dir='ltr'>exquisitam</span> <span class='ocrx_word' id='word_1_20' title='bbox 537 427 618 502; x_wconf 81' lang='lat' dir='ltr'>patris</span> <span class='ocrx_word' id='word_1_21' title='bbox 640 415 761 483; x_wconf 66' lang='lat' dir='ltr'>familiia</span> <span class='ocrx_word' id='word_1_22' title='bbox 795 415 933 475; x_wconf 84' lang='lat' dir='ltr'>ollerttartr</span> 
     </span>
     <span class='ocr_line' id='line_1_5' title="bbox 48 488 933 585; baseline -0.017 -23"><span class='ocrx_word' id='word_1_23' title='bbox 48 505 221 578; x_wconf 88' lang='lat' dir='ltr'>requireret.</span> <span class='ocrx_word' id='word_1_24' title='bbox 259 507 354 582; x_wconf 88' lang='lat' dir='ltr'>itaque</span> <span class='ocrx_word' id='word_1_25' title='bbox 382 503 481 581; x_wconf 85' lang='lat' dir='ltr'>quibus</span> <span class='ocrx_word' id='word_1_26' title='bbox 509 499 639 562; x_wconf 73' lang='lat' dir='ltr'>maxime·</span> <span class='ocrx_word' id='word_1_27' title='bbox 653 488 933 585; x_wconf 21' lang='lat' dir='ltr'>rebus-egerelsaepe</span> 
     </span>
     <span class='ocr_line' id='line_1_6' title="bbox 49 570 934 662; baseline -0.011 -24"><span class='ocrx_word' id='word_1_28' title='bbox 49 580 194 646; x_wconf 82' lang='lat' dir='ltr'>homines</span> <span class='ocrx_word' id='word_1_29' title='bbox 217 580 355 652; x_wconf 84' lang='lat' dir='ltr'>solemus,</span> <span class='ocrx_word' id='word_1_30' title='bbox 375 580 511 640; x_wconf 82' lang='lat' dir='ltr'>fortitudo</span> <span class='ocrx_word' id='word_1_31' title='bbox 545 581 575 638; x_wconf 79' lang='lat' dir='ltr'>bt</span> <span class='ocrx_word' id='word_1_32' title='bbox 587 577 731 654; x_wconf 88' lang='lat' dir='ltr'>prudentia</span> <span class='ocrx_word' id='word_1_33' title='bbox 740 611 755 662; x_wconf 22' lang='grc' dir='ltr'>,υ</span> <span class='ocrx_word' id='word_1_34' title='bbox 768 570 831 660; x_wconf 79' lang='lat' dir='ltr'>baec</span> <span class='ocrx_word' id='word_1_35' title='bbox 844 579 881 627; x_wconf 89' lang='lat' dir='ltr'>tta</span> <span class='ocrx_word' id='word_1_36' title='bbox 903 583 934 628; x_wconf 91' lang='lat' dir='ltr'>m</span> 
     </span>
     <span class='ocr_line' id='line_1_7' title="bbox 50 648 934 727; baseline -0.011 -13"><span class='ocrx_word' id='word_1_37' title='bbox 50 657 182 717; x_wconf 86' lang='lat' dir='ltr'>muliere</span> <span class='ocrx_word' id='word_1_38' title='bbox 195 659 386 727; x_wconf 77' lang='lat' dir='ltr'>abundabant,</span> <span class='ocrx_word' id='word_1_39' title='bbox 403 661 438 717; x_wconf 86' lang='lat' dir='ltr'>bt</span> <span class='ocrx_word' id='word_1_40' title='bbox 464 657 502 716; x_wconf 85' lang='lat' dir='ltr'>sni</span> <span class='ocrx_word' id='word_1_41' title='bbox 524 655 652 715; x_wconf 86' lang='lat' dir='ltr'>moeroris</span> <span class='ocrx_word' id='word_1_42' title='bbox 680 648 849 710; x_wconf 85' lang='lat' dir='ltr'>medicinam</span> <span class='ocrx_word' id='word_1_43' title='bbox 873 659 934 704; x_wconf 91' lang='lat' dir='ltr'>non</span> 
     </span>
     <span class='ocr_line' id='line_1_8' title="bbox 50 722 1006 810; baseline -0.01 -18"><span class='ocrx_word' id='word_1_44' title='bbox 50 747 172 809; x_wconf 85' lang='lat' dir='ltr'>peteret</span> <span class='ocrx_word' id='word_1_45' title='bbox 186 736 268 802; x_wconf 80' lang='lat' dir='ltr'>foris,</span> <span class='ocrx_word' id='word_1_46' title='bbox 286 734 332 796; x_wconf 87' lang='lat' dir='ltr'>sed</span> <span class='ocrx_word' id='word_1_47' title='bbox 354 733 382 794; x_wconf 91' lang='lat' dir='ltr'>in</span> <span class='ocrx_word' id='word_1_48' title='bbox 402 734 428 793; x_wconf 87' lang='lat' dir='ltr'>se</span> <span class='ocrx_word' id='word_1_49' title='bbox 448 733 532 808; x_wconf 85' lang='lat' dir='ltr'>ipsam</span> <span class='ocrx_word' id='word_1_50' title='bbox 552 730 674 806; x_wconf 74' lang='lat' dir='ltr'>speeiem</span> <span class='ocrx_word' id='word_1_51' title='bbox 690 768 698 796; x_wconf 92' lang='lat'>,</span> <span class='ocrx_word' id='word_1_52' title='bbox 717 742 752 785; x_wconf 87' lang='lat' dir='ltr'>er</span> <span class='ocrx_word' id='word_1_53' title='bbox 765 722 811 783; x_wconf 90' lang='lat' dir='ltr'>sua</span> <span class='ocrx_word' id='word_1_54' title='bbox 826 723 934 810; x_wconf 77' lang='lat' dir='ltr'>semper</span> <span class='ocrx_word' id='word_1_55' title='bbox 996 774 1006 794; x_wconf 30' lang='grc' dir='ltr'>χ</span> 
     </span>
     <span class='ocr_line' id='line_1_9' title="bbox 53 798 932 890; baseline -0.008 -26"><span class='ocrx_word' id='word_1_56' title='bbox 53 813 168 870; x_wconf 87' lang='lat' dir='ltr'>virtute</span> <span class='ocrx_word' id='word_1_57' title='bbox 181 812 324 886; x_wconf 85' lang='lat' dir='ltr'>penderet.</span> <span class='ocrx_word' id='word_1_58' title='bbox 361 813 477 887; x_wconf 88' lang='lat' dir='ltr'>Quanto</span> <span class='ocrx_word' id='word_1_59' title='bbox 493 822 587 868; x_wconf 87' lang='lat' dir='ltr'>autem</span> <span class='ocrx_word' id='word_1_60' title='bbox 608 805 746 884; x_wconf 79' lang='lat' dir='ltr'>graviores</span> <span class='ocrx_word' id='word_1_61' title='bbox 780 817 813 860; x_wconf 88' lang='lat' dir='ltr'>ac</span> <span class='ocrx_word' id='word_1_62' title='bbox 833 798 932 890; x_wconf 66' lang='lat' dir='ltr'>difficrr</span> 
     </span>
     <span class='ocr_line' id='line_1_10' title="bbox 49 883 933 960; baseline -0.009 -16"><span class='ocrx_word' id='word_1_63' title='bbox 49 884 145 944; x_wconf 79' lang='lat' dir='ltr'>liores</span> <span class='ocrx_word' id='word_1_64' title='bbox 158 889 245 947; x_wconf 87' lang='lat' dir='ltr'>animi</span> <span class='ocrx_word' id='word_1_65' title='bbox 256 887 349 949; x_wconf 83' lang='lat' dir='ltr'>morbi</span> <span class='ocrx_word' id='word_1_66' title='bbox 363 888 441 954; x_wconf 88' lang='lat' dir='ltr'>lunt,</span> <span class='ocrx_word' id='word_1_67' title='bbox 481 884 546 945; x_wconf 70' lang='lat' dir='ltr'>u‘arn</span> <span class='ocrx_word' id='word_1_68' title='bbox 561 883 704 960; x_wconf 86' lang='lat' dir='ltr'>eorporis,</span> <span class='ocrx_word' id='word_1_69' title='bbox 723 897 760 938; x_wconf 87' lang='lat' dir='ltr'>eo</span> <span class='ocrx_word' id='word_1_70' title='bbox 773 893 860 952; x_wconf 84' lang='lat' dir='ltr'>magis</span> <span class='ocrx_word' id='word_1_71' title='bbox 878 893 933 936; x_wconf 81' lang='lat' dir='ltr'>rat·</span> 
     </span>
     <span class='ocr_line' id='line_1_11' title="bbox 48 905 932 1045; baseline -0.007 -25"><span class='ocrx_word' id='word_1_72' title='bbox 48 963 176 1024; x_wconf 85' lang='lat' dir='ltr'>randum</span> <span class='ocrx_word' id='word_1_73' title='bbox 191 965 247 1033; x_wconf 84' lang='lat' dir='ltr'>est,</span> <span class='ocrx_word' id='word_1_74' title='bbox 266 964 351 1023; x_wconf 88' lang='lat' dir='ltr'>talem</span> <span class='ocrx_word' id='word_1_75' title='bbox 364 905 491 1023; x_wconf 49' lang='lat' dir='ltr'>exstitiffe</span> <span class='ocrx_word' id='word_1_76' title='bbox 501 963 576 1022; x_wconf 87' lang='lat' dir='ltr'>illam</span> <span class='ocrx_word' id='word_1_77' title='bbox 587 961 680 1036; x_wconf 78' lang='lat' dir='ltr'>,cujus</span> <span class='ocrx_word' id='word_1_78' title='bbox 695 953 851 1045; x_wconf 81' lang='lat' dir='ltr'>fortitudini</span> <span class='ocrx_word' id='word_1_79' title='bbox 868 970 932 1014; x_wconf 87' lang='lat' dir='ltr'>eor·</span> 
     </span>
     <span class='ocr_line' id='line_1_12' title="bbox 49 1036 932 1122; baseline -0.009 -24"><span class='ocrx_word' id='word_1_80' title='bbox 49 1041 136 1114; x_wconf 79' lang='lat' dir='ltr'>potia</span> <span class='ocrx_word' id='word_1_81' title='bbox 148 1041 220 1102; x_wconf 88' lang='lat' dir='ltr'>mala</span> <span class='ocrx_word' id='word_1_82' title='bbox 234 1052 377 1117; x_wconf 89' lang='lat' dir='ltr'>parerent,</span> <span class='ocrx_word' id='word_1_83' title='bbox 396 1041 551 1116; x_wconf 78' lang='lat' dir='ltr'>prudentiae</span> <span class='ocrx_word' id='word_1_84' title='bbox 563 1036 633 1097; x_wconf 80' lang='lat' dir='ltr'>verb</span> <span class='ocrx_word' id='word_1_85' title='bbox 647 1047 932 1122; x_wconf 19' lang='lat' dir='ltr'>omnesanrmrsmor-</span> 
     </span>
     <span class='ocr_line' id='line_1_13' title="bbox 50 1109 934 1193; baseline -0.003 -19"><span class='ocrx_word' id='word_1_86' title='bbox 50 1117 86 1174; x_wconf 92' lang='lat' dir='ltr'>bi</span> <span class='ocrx_word' id='word_1_87' title='bbox 117 1116 199 1178; x_wconf 68' lang='lat' dir='ltr'>facile</span> <span class='ocrx_word' id='word_1_88' title='bbox 224 1117 364 1178; x_wconf 75' lang='lat' dir='ltr'>cederent.</span> <span class='ocrx_word' id='word_1_89' title='bbox 403 1119 499 1193; x_wconf 89' lang='lat' dir='ltr'>itaque</span> <span class='ocrx_word' id='word_1_90' title='bbox 517 1129 691 1191; x_wconf 84' lang='lat' dir='ltr'>quamquam</span> <span class='ocrx_word' id='word_1_91' title='bbox 713 1129 748 1170; x_wconf 80' lang='lat' dir='ltr'>ex</span> <span class='ocrx_word' id='word_1_92' title='bbox 776 1109 934 1171; x_wconf 79' lang='lat' dir='ltr'>calamitate</span> 
     </span>
     <span class='ocr_line' id='line_1_14' title="bbox 51 1189 931 1271; baseline -0.007 -19"><span class='ocrx_word' id='word_1_93' title='bbox 51 1195 292 1271; x_wconf 79' lang='lat' dir='ltr'>temporibusque</span> <span class='ocrx_word' id='word_1_94' title='bbox 315 1193 411 1254; x_wconf 79' lang='lat' dir='ltr'>nostris</span> <span class='ocrx_word' id='word_1_95' title='bbox 442 1193 579 1254; x_wconf 69' lang='lat' dir='ltr'>molestia</span> <span class='ocrx_word' id='word_1_96' title='bbox 612 1191 765 1267; x_wconf 88' lang='lat' dir='ltr'>plurimum</span> <span class='ocrx_word' id='word_1_97' title='bbox 798 1189 931 1260; x_wconf 82' lang='lat' dir='ltr'>traxerit,</span> 
     </span>
     <span class='ocr_line' id='line_1_15' title="bbox 48 1261 932 1347; baseline -0.007 -18"><span class='ocrx_word' id='word_1_98' title='bbox 48 1288 216 1347; x_wconf 83' lang='lat' dir='ltr'>numquam</span> <span class='ocrx_word' id='word_1_99' title='bbox 229 1286 325 1330; x_wconf 87' lang='lat' dir='ltr'>tamen</span> <span class='ocrx_word' id='word_1_100' title='bbox 339 1273 436 1331; x_wconf 89' lang='lat' dir='ltr'>animo</span> <span class='ocrx_word' id='word_1_101' title='bbox 451 1269 602 1345; x_wconf 84' lang='lat' dir='ltr'>perculsam</span> <span class='ocrx_word' id='word_1_102' title='bbox 615 1310 624 1338; x_wconf 95' lang='lat'>,</span> <span class='ocrx_word' id='word_1_103' title='bbox 650 1278 698 1324; x_wconf 87' lang='lat' dir='ltr'>aut</span> <span class='ocrx_word' id='word_1_104' title='bbox 718 1261 856 1340; x_wconf 74' lang='lat' dir='ltr'>dejestam</span> <span class='ocrx_word' id='word_1_105' title='bbox 871 1265 932 1324; x_wconf 88' lang='lat' dir='ltr'>sen·</span> 
     </span>
     <span class='ocr_line' id='line_1_16' title="bbox 50 1341 977 1423; baseline -0.009 -16"><span class='ocrx_word' id='word_1_106' title='bbox 50 1347 153 1411; x_wconf 81' lang='lat' dir='ltr'>timus.</span> <span class='ocrx_word' id='word_1_107' title='bbox 192 1348 342 1423; x_wconf 76' lang='lat' dir='ltr'>angebatur</span> <span class='ocrx_word' id='word_1_108' title='bbox 356 1349 436 1423; x_wconf 82' lang='lat' dir='ltr'>patris</span> <span class='ocrx_word' id='word_1_109' title='bbox 457 1347 574 1415; x_wconf 78' lang='lat' dir='ltr'>exilio,</span> <span class='ocrx_word' id='word_1_110' title='bbox 600 1345 742 1418; x_wconf 83' lang='lat' dir='ltr'>torinrque</span> <span class='ocrx_word' id='word_1_111' title='bbox 763 1341 877 1400; x_wconf 78' lang='lat' dir='ltr'>familiae</span> <span class='ocrx_word' id='word_1_112' title='bbox 890 1341 933 1400; x_wconf 90' lang='lat' dir='ltr'>lu·</span> <span class='ocrx_word' id='word_1_113' title='bbox 972 1353 977 1360; x_wconf 91' lang='lat'><em>·</em></span> 
     </span>
     <span class='ocr_line' id='line_1_17' title="bbox 51 1415 932 1500; baseline -0.006 -16"><span class='ocrx_word' id='word_1_114' title='bbox 51 1424 162 1492; x_wconf 74' lang='lat' dir='ltr'>etum,</span> <span class='ocrx_word' id='word_1_115' title='bbox 182 1423 381 1500; x_wconf 86' lang='lat' dir='ltr'>bonorumque</span> <span class='ocrx_word' id='word_1_116' title='bbox 402 1425 588 1499; x_wconf 85' lang='lat' dir='ltr'>direptionem</span> <span class='ocrx_word' id='word_1_117' title='bbox 618 1423 706 1481; x_wconf 84' lang='lat' dir='ltr'>inrita</span> <span class='ocrx_word' id='word_1_118' title='bbox 729 1415 861 1478; x_wconf 87' lang='lat' dir='ltr'>videbat:</span> <span class='ocrx_word' id='word_1_119' title='bbox 885 1418 932 1479; x_wconf 87' lang='lat' dir='ltr'>sed</span> 
     </span>
     <span class='ocr_line' id='line_1_18' title="bbox 50 1495 931 1576; baseline -0.01 -15"><span class='ocrx_word' id='word_1_120' title='bbox 50 1501 143 1561; x_wconf 86' lang='lat' dir='ltr'>matri</span> <span class='ocrx_word' id='word_1_121' title='bbox 161 1514 257 1563; x_wconf 88' lang='lat' dir='ltr'>tamen</span> <span class='ocrx_word' id='word_1_122' title='bbox 279 1501 396 1561; x_wconf 79' lang='lat' dir='ltr'>confilio</span> <span class='ocrx_word' id='word_1_123' title='bbox 421 1497 622 1576; x_wconf 70' lang='lat' dir='ltr'>prudentiaque</span> <span class='ocrx_word' id='word_1_124' title='bbox 635 1497 745 1565; x_wconf 87' lang='lat' dir='ltr'>aderat,</span> <span class='ocrx_word' id='word_1_125' title='bbox 765 1495 794 1554; x_wconf 84' lang='lat' dir='ltr'>bt</span> <span class='ocrx_word' id='word_1_126' title='bbox 808 1495 886 1554; x_wconf 87' lang='lat' dir='ltr'>rebus</span> <span class='ocrx_word' id='word_1_127' title='bbox 901 1496 931 1558; x_wconf 83' lang='lat' dir='ltr'>in</span> 
     </span>
     <span class='ocr_line' id='line_1_19' title="bbox 51 1569 931 1654; baseline 0.001 -19"><span class='ocrx_word' id='word_1_128' title='bbox 51 1593 196 1651; x_wconf 87' lang='lat' dir='ltr'>magnum</span> <span class='ocrx_word' id='word_1_129' title='bbox 212 1577 283 1654; x_wconf 80' lang='lat' dir='ltr'>saepe</span> <span class='ocrx_word' id='word_1_130' title='bbox 295 1577 440 1638; x_wconf 80' lang='lat' dir='ltr'>discrimen</span> <span class='ocrx_word' id='word_1_131' title='bbox 455 1577 578 1638; x_wconf 76' lang='lat' dir='ltr'>addudir</span> <span class='ocrx_word' id='word_1_132' title='bbox 596 1619 604 1647; x_wconf 96' lang='lat'>,</span> <span class='ocrx_word' id='word_1_133' title='bbox 630 1569 733 1634; x_wconf 83' lang='lat' dir='ltr'>rediins</span> <span class='ocrx_word' id='word_1_134' title='bbox 751 1571 827 1646; x_wconf 85' lang='lat' dir='ltr'>spem</span> <span class='ocrx_word' id='word_1_135' title='bbox 850 1571 931 1635; x_wconf 85' lang='lat' dir='ltr'>nobit</span> 
     </span>
     <span class='ocr_line' id='line_1_20' title="bbox 51 1650 932 1732; baseline -0.002 -21"><span class='ocrx_word' id='word_1_136' title='bbox 51 1651 158 1712; x_wconf 81' lang='lat' dir='ltr'>afferre</span> <span class='ocrx_word' id='word_1_137' title='bbox 169 1671 325 1732; x_wconf 86' lang='lat' dir='ltr'>numquam</span> <span class='ocrx_word' id='word_1_138' title='bbox 339 1654 484 1714; x_wconf 82' lang='lat' dir='ltr'>dubitavit.</span> <span class='ocrx_word' id='word_1_139' title='bbox 521 1656 577 1723; x_wconf 91' lang='lat' dir='ltr'>ita,</span> <span class='ocrx_word' id='word_1_140' title='bbox 596 1663 731 1730; x_wconf 85' lang='lat' dir='ltr'>quantum</span> <span class='ocrx_word' id='word_1_141' title='bbox 758 1667 793 1708; x_wconf 83' lang='lat' dir='ltr'>ex</span> <span class='ocrx_word' id='word_1_142' title='bbox 816 1650 932 1709; x_wconf 84' lang='lat' dir='ltr'>calami·</span> 
     </span>
     <span class='ocr_line' id='line_1_21' title="bbox 22 1727 938 1802; baseline 0.005 -19"><span class='ocrx_word' id='word_1_143' title='bbox 22 1776 24 1783; x_wconf 88' lang='grc'><em>,</em></span> <span class='ocrx_word' id='word_1_144' title='bbox 52 1740 117 1790; x_wconf 88' lang='lat' dir='ltr'>tate</span> <span class='ocrx_word' id='word_1_145' title='bbox 134 1729 258 1800; x_wconf 82' lang='lat' dir='ltr'>doloris,</span> <span class='ocrx_word' id='word_1_146' title='bbox 277 1732 440 1791; x_wconf 87' lang='lat' dir='ltr'>tantundem</span> <span class='ocrx_word' id='word_1_147' title='bbox 465 1731 586 1790; x_wconf 76' lang='lat' dir='ltr'>exilire</span> <span class='ocrx_word' id='word_1_148' title='bbox 612 1730 744 1789; x_wconf 78' lang='lat' dir='ltr'>suavitate</span> <span class='ocrx_word' id='word_1_149' title='bbox 775 1742 808 1785; x_wconf 89' lang='lat' dir='ltr'>ac</span> <span class='ocrx_word' id='word_1_150' title='bbox 827 1727 938 1802; x_wconf 69' lang='lat' dir='ltr'>pietate¹</span> 
     </span>
     <span class='ocr_line' id='line_1_22' title="bbox 50 1800 932 1884; baseline -0.006 -17"><span class='ocrx_word' id='word_1_151' title='bbox 50 1805 148 1867; x_wconf 86' lang='lat' dir='ltr'>solatii</span> <span class='ocrx_word' id='word_1_152' title='bbox 161 1807 344 1882; x_wconf 76' lang='lat' dir='ltr'>capiebamus.</span> <span class='ocrx_word' id='word_1_153' title='bbox 363 1807 441 1884; x_wconf 89' lang='lat' dir='ltr'>qood</span> <span class='ocrx_word' id='word_1_154' title='bbox 454 1821 486 1867; x_wconf 93' lang='lat' dir='ltr'>ut</span> <span class='ocrx_word' id='word_1_155' title='bbox 497 1806 563 1867; x_wconf 82' lang='lat' dir='ltr'>effer</span> <span class='ocrx_word' id='word_1_156' title='bbox 576 1807 745 1870; x_wconf 81' lang='lat' dir='ltr'>diuturnius,</span> <span class='ocrx_word' id='word_1_157' title='bbox 762 1800 781 1860; x_wconf 82' lang='lat' dir='ltr'>fi</span> <span class='ocrx_word' id='word_1_158' title='bbox 797 1821 932 1863; x_wconf 88' lang='lat' dir='ltr'>commo-</span> 
     </span>
     <span class='ocr_line' id='line_1_23' title="bbox 52 1879 932 1960; baseline 0 -18"><span class='ocrx_word' id='word_1_159' title='bbox 52 1882 128 1942; x_wconf 87' lang='lat' dir='ltr'>dum</span> <span class='ocrx_word' id='word_1_160' title='bbox 143 1885 285 1954; x_wconf 84' lang='lat' dir='ltr'>nostrum,</span> <span class='ocrx_word' id='word_1_161' title='bbox 305 1898 352 1944; x_wconf 86' lang='lat' dir='ltr'>aut</span> <span class='ocrx_word' id='word_1_162' title='bbox 366 1903 447 1954; x_wconf 89' lang='lat' dir='ltr'>earn,</span> <span class='ocrx_word' id='word_1_163' title='bbox 467 1901 532 1960; x_wconf 81' lang='lat' dir='ltr'>quae</span> <span class='ocrx_word' id='word_1_164' title='bbox 545 1881 676 1943; x_wconf 84' lang='lat' dir='ltr'>omnibirs</span> <span class='ocrx_word' id='word_1_165' title='bbox 689 1879 873 1956; x_wconf 87' lang='lat' dir='ltr'>antiquillinra</span> <span class='ocrx_word' id='word_1_166' title='bbox 882 1881 932 1952; x_wconf 83' lang='lat' dir='ltr'>est,</span> 
     </span>
     <span class='ocr_line' id='line_1_24' title="bbox 48 1962 944 2038; baseline -0.007 -16"><span class='ocrx_word' id='word_1_167' title='bbox 48 1962 206 2022; x_wconf 89' lang='lat' dir='ltr'>liberorum</span> <span class='ocrx_word' id='word_1_168' title='bbox 220 1963 381 2024; x_wconf 83' lang='lat' dir='ltr'>charitatem</span> <span class='ocrx_word' id='word_1_169' title='bbox 404 1962 611 2038; x_wconf 84' lang='lat' dir='ltr'>cogitaremus,</span> <span class='ocrx_word' id='word_1_170' title='bbox 641 1973 811 2034; x_wconf 83' lang='lat' dir='ltr'>magnopere</span> <span class='ocrx_word' id='word_1_171' title='bbox 832 1963 944 2032; x_wconf 62' lang='lat' dir='ltr'>optare*</span> 
     </span>
     <span class='ocr_line' id='line_1_25' title="bbox 51 2033 928 2110; baseline -0.005 -12"><span class='ocrx_word' id='word_1_172' title='bbox 51 2038 214 2098; x_wconf 84' lang='lat' dir='ltr'>debuimus.</span> <span class='ocrx_word' id='word_1_173' title='bbox 252 2052 303 2107; x_wconf 90' lang='lat' dir='ltr'>at,</span> <span class='ocrx_word' id='word_1_174' title='bbox 322 2037 385 2098; x_wconf 84' lang='lat' dir='ltr'>cirm</span> <span class='ocrx_word' id='word_1_175' title='bbox 408 2038 482 2098; x_wconf 90' lang='lat' dir='ltr'>illam</span> <span class='ocrx_word' id='word_1_176' title='bbox 505 2040 627 2110; x_wconf 80' lang='lat' dir='ltr'>eorporis</span> <span class='ocrx_word' id='word_1_177' title='bbox 649 2033 765 2095; x_wconf 87' lang='lat' dir='ltr'>vinculis</span> <span class='ocrx_word' id='word_1_178' title='bbox 784 2033 901 2094; x_wconf 85' lang='lat' dir='ltr'>solutam</span> <span class='ocrx_word' id='word_1_179' title='bbox 914 2076 928 2105; x_wconf 90' lang='lat'>,</span> 
     </span>
     <span class='ocr_line' id='line_1_26' title="bbox 51 2112 929 2187; baseline -0.003 -12"><span class='ocrx_word' id='word_1_180' title='bbox 51 2113 189 2175; x_wconf 87' lang='lat' dir='ltr'>omnibnr</span> <span class='ocrx_word' id='word_1_181' title='bbox 204 2115 328 2176; x_wconf 76' lang='lat' dir='ltr'>exsutam</span> <span class='ocrx_word' id='word_1_182' title='bbox 344 2115 456 2175; x_wconf 85' lang='lat' dir='ltr'>miseriis</span> <span class='ocrx_word' id='word_1_183' title='bbox 466 2112 479 2184; x_wconf 68' lang='lat'>,&#39;</span> <span class='ocrx_word' id='word_1_184' title='bbox 490 2118 520 2176; x_wconf 80' lang='lat' dir='ltr'>bt</span> <span class='ocrx_word' id='word_1_185' title='bbox 533 2114 746 2174; x_wconf 82' lang='lat' dir='ltr'>immortalitatis</span> <span class='ocrx_word' id='word_1_186' title='bbox 761 2124 929 2187; x_wconf 85' lang='lat' dir='ltr'>compotem</span> 
     </span>
     <span class='ocr_line' id='line_1_27' title="bbox 50 2187 931 2267; baseline -0.005 -15"><span class='ocrx_word' id='word_1_187' title='bbox 50 2191 178 2260; x_wconf 67' lang='lat' dir='ltr'>fastam,</span> <span class='ocrx_word' id='word_1_188' title='bbox 197 2193 295 2256; x_wconf 85' lang='lat' dir='ltr'>animo</span> <span class='ocrx_word' id='word_1_189' title='bbox 306 2207 482 2267; x_wconf 85' lang='lat' dir='ltr'>reputamus,</span> <span class='ocrx_word' id='word_1_190' title='bbox 501 2211 560 2252; x_wconf 89' lang='lat' dir='ltr'>non</span> <span class='ocrx_word' id='word_1_191' title='bbox 583 2189 673 2250; x_wconf 79' lang='lat' dir='ltr'>modo</span> <span class='ocrx_word' id='word_1_192' title='bbox 695 2191 725 2248; x_wconf 90' lang='lat' dir='ltr'>in</span> <span class='ocrx_word' id='word_1_193' title='bbox 746 2187 845 2248; x_wconf 91' lang='lat' dir='ltr'>dolore</span> <span class='ocrx_word' id='word_1_194' title='bbox 860 2207 931 2248; x_wconf 89' lang='lat' dir='ltr'>con·</span> 
     </span>
     <span class='ocr_line' id='line_1_28' title="bbox 50 2264 952 2346; baseline -0.001 -19"><span class='ocrx_word' id='word_1_195' title='bbox 50 2268 240 2346; x_wconf 78' lang='lat' dir='ltr'>quiescimus,</span> <span class='ocrx_word' id='word_1_196' title='bbox 257 2268 304 2328; x_wconf 86' lang='lat' dir='ltr'>led</span> <span class='ocrx_word' id='word_1_197' title='bbox 318 2268 413 2328; x_wconf 78' lang='lat' dir='ltr'>etiam&#39;</span> <span class='ocrx_word' id='word_1_198' title='bbox 426 2268 568 2345; x_wconf 76' lang='lat' dir='ltr'>nraecipne</span> <span class='ocrx_word' id='word_1_199' title='bbox 588 2270 723 2327; x_wconf 84' lang='lat' dir='ltr'>laetamur.</span> <span class='ocrx_word' id='word_1_200' title='bbox 764 2264 833 2340; x_wconf 87' lang='lat' dir='ltr'>quid</span> <span class='ocrx_word' id='word_1_201' title='bbox 849 2268 927 2326; x_wconf 86' lang='lat' dir='ltr'>enirn</span> <span class='ocrx_word' id='word_1_202' title='bbox 949 2269 952 2276; x_wconf 87' lang='lat'>&#39;</span> 
     </span>
     <span class='ocr_line' id='line_1_29' title="bbox 52 2343 929 2422; baseline -0.002 -17"><span class='ocrx_word' id='word_1_203' title='bbox 52 2347 128 2405; x_wconf 82' lang='lat' dir='ltr'>milti</span> <span class='ocrx_word' id='word_1_204' title='bbox 148 2345 274 2406; x_wconf 77' lang='lat' dir='ltr'>arridere</span> <span class='ocrx_word' id='word_1_205' title='bbox 301 2346 391 2406; x_wconf 77' lang='lat' dir='ltr'>laetius</span> <span class='ocrx_word' id='word_1_206' title='bbox 407 2345 517 2420; x_wconf 84' lang='lat' dir='ltr'>potest,</span> <span class='ocrx_word' id='word_1_207' title='bbox 552 2345 639 2422; x_wconf 77' lang='lat' dir='ltr'>quint</span> <span class='ocrx_word' id='word_1_208' title='bbox 659 2345 695 2402; x_wconf 89' lang='lat' dir='ltr'>de</span> <span class='ocrx_word' id='word_1_209' title='bbox 717 2343 929 2404; x_wconf 78' lang='lat' dir='ltr'>immortalitate</span> 
     </span>
     <span class='ocr_line' id='line_1_30' title="bbox 51 2418 928 2498; baseline -0.003 -16"><span class='ocrx_word' id='word_1_210' title='bbox 51 2425 217 2482; x_wconf 87' lang='lat' dir='ltr'>animorum</span> <span class='ocrx_word' id='word_1_211' title='bbox 244 2423 377 2498; x_wconf 82' lang='lat' dir='ltr'>cogitanti</span> <span class='ocrx_word' id='word_1_212' title='bbox 394 2465 403 2492; x_wconf 92' lang='lat'>,</span> <span class='ocrx_word' id='word_1_213' title='bbox 422 2423 458 2482; x_wconf 94' lang='lat' dir='ltr'>de</span> <span class='ocrx_word' id='word_1_214' title='bbox 477 2423 542 2481; x_wconf 82' lang='lat' dir='ltr'>filiae</span> <span class='ocrx_word' id='word_1_215' title='bbox 563 2422 643 2481; x_wconf 87' lang='lat' dir='ltr'>fimul</span> <span class='ocrx_word' id='word_1_216' title='bbox 663 2433 766 2480; x_wconf 81' lang='lat' dir='ltr'>aeterna</span> <span class='ocrx_word' id='word_1_217' title='bbox 792 2418 928 2497; x_wconf 87' lang='lat' dir='ltr'>beataque</span> 
     </span>
     <span class='ocr_line' id='line_1_31' title="bbox 51 2496 929 2566; baseline 0 -11"><span class='ocrx_word' id='word_1_218' title='bbox 51 2502 112 2558; x_wconf 86' lang='lat' dir='ltr'>vita</span> <span class='ocrx_word' id='word_1_219' title='bbox 127 2496 289 2556; x_wconf 79' lang='lat' dir='ltr'>confidere?</span> <span class='ocrx_word' id='word_1_220' title='bbox 309 2501 417 2558; x_wconf 86' lang='lat' dir='ltr'>animos</span> <span class='ocrx_word' id='word_1_221' title='bbox 431 2501 507 2558; x_wconf 88' lang='lat' dir='ltr'>enim</span> <span class='ocrx_word' id='word_1_222' title='bbox 522 2497 576 2558; x_wconf 84' lang='lat' dir='ltr'>elie</span> <span class='ocrx_word' id='word_1_223' title='bbox 590 2497 778 2566; x_wconf 82' lang='lat' dir='ltr'>immortales,</span> <span class='ocrx_word' id='word_1_224' title='bbox 798 2513 834 2554; x_wconf 91' lang='lat' dir='ltr'>ne</span> <span class='ocrx_word' id='word_1_225' title='bbox 849 2497 929 2556; x_wconf 91' lang='lat' dir='ltr'>dubi·</span> 
     </span>
     <span class='ocr_line' id='line_1_32' title="bbox 51 2574 925 2645; baseline -0.002 -11"><span class='ocrx_word' id='word_1_226' title='bbox 51 2574 173 2639; x_wconf 87' lang='lat' dir='ltr'>tandum</span> <span class='ocrx_word' id='word_1_227' title='bbox 188 2575 258 2632; x_wconf 90' lang='lat' dir='ltr'>mibi</span> <span class='ocrx_word' id='word_1_228' title='bbox 271 2576 386 2645; x_wconf 90' lang='lat' dir='ltr'>quidem</span> <span class='ocrx_word' id='word_1_229' title='bbox 395 2576 512 2637; x_wconf 82' lang='lat' dir='ltr'>videtur.</span> <span class='ocrx_word' id='word_1_230' title='bbox 521 2577 619 2636; x_wconf 84' lang='lat' dir='ltr'>latiam</span> <span class='ocrx_word' id='word_1_231' title='bbox 634 2587 797 2634; x_wconf 90' lang='lat' dir='ltr'>autemnon</span> <span class='ocrx_word' id='word_1_232' title='bbox 808 2574 925 2643; x_wconf 75' lang='lat' dir='ltr'>inritus,</span> 
     </span>
     <span class='ocr_line' id='line_1_33' title="bbox 51 2648 931 2726; baseline -0.003 -12"><span class='ocrx_word' id='word_1_233' title='bbox 51 2667 86 2714; x_wconf 88' lang='lat' dir='ltr'>nt</span> <span class='ocrx_word' id='word_1_234' title='bbox 100 2650 360 2725; x_wconf 88' lang='lat' dir='ltr'>sapientisfimorum</span> <span class='ocrx_word' id='word_1_235' title='bbox 373 2654 522 2712; x_wconf 87' lang='lat' dir='ltr'>hominum</span> <span class='ocrx_word' id='word_1_236' title='bbox 538 2669 692 2726; x_wconf 87' lang='lat' dir='ltr'>percurram</span> <span class='ocrx_word' id='word_1_237' title='bbox 710 2652 762 2708; x_wconf 88' lang='lat' dir='ltr'>hac</span> <span class='ocrx_word' id='word_1_238' title='bbox 777 2651 812 2709; x_wconf 89' lang='lat' dir='ltr'>de</span> <span class='ocrx_word' id='word_1_239' title='bbox 825 2666 855 2708; x_wconf 89' lang='lat' dir='ltr'>re</span> <span class='ocrx_word' id='word_1_240' title='bbox 870 2648 931 2710; x_wconf 88' lang='lat' dir='ltr'>sen·</span> 
     </span>
     <span class='ocr_line' id='line_1_34' title="bbox 53 2727 929 2806; baseline 0.001 -18"><span class='ocrx_word' id='word_1_241' title='bbox 53 2730 173 2788; x_wconf 90' lang='lat' dir='ltr'>tentiam</span> <span class='ocrx_word' id='word_1_242' title='bbox 199 2728 341 2806; x_wconf 88' lang='lat' dir='ltr'>,quando</span> <span class='ocrx_word' id='word_1_243' title='bbox 363 2745 409 2788; x_wconf 89' lang='lat' dir='ltr'>me</span> <span class='ocrx_word' id='word_1_244' title='bbox 430 2731 458 2788; x_wconf 88' lang='lat' dir='ltr'>in</span> <span class='ocrx_word' id='word_1_245' title='bbox 481 2731 556 2789; x_wconf 87' lang='lat' dir='ltr'>bunc</span> <span class='ocrx_word' id='word_1_246' title='bbox 576 2731 672 2788; x_wconf 89' lang='lat' dir='ltr'>locum</span> <span class='ocrx_word' id='word_1_247' title='bbox 694 2727 809 2786; x_wconf 83' lang='lat' dir='ltr'>deduxit</span> <span class='ocrx_word' id='word_1_248' title='bbox 826 2729 929 2789; x_wconf 87' lang='lat' dir='ltr'>oratio.</span> 
     </span>
     <span class='ocr_line' id='line_1_35' title="bbox 56 2803 928 2879; baseline -0.002 -13"><span class='ocrx_word' id='word_1_249' title='bbox 56 2807 160 2879; x_wconf 87' lang='lat' dir='ltr'>Neque</span> <span class='ocrx_word' id='word_1_250' title='bbox 175 2803 243 2864; x_wconf 74' lang='lat' dir='ltr'>vero</span> <span class='ocrx_word' id='word_1_251' title='bbox 256 2805 319 2863; x_wconf 85' lang='lat' dir='ltr'>haec</span> <span class='ocrx_word' id='word_1_252' title='bbox 330 2807 367 2863; x_wconf 90' lang='lat' dir='ltr'>ita</span> <span class='ocrx_word' id='word_1_253' title='bbox 381 2805 541 2879; x_wconf 82' lang='lat' dir='ltr'>disputanda</span> <span class='ocrx_word' id='word_1_254' title='bbox 561 2805 662 2864; x_wconf 84' lang='lat' dir='ltr'>censeo</span> <span class='ocrx_word' id='word_1_255' title='bbox 679 2845 687 2872; x_wconf 94' lang='lat'>,</span> <span class='ocrx_word' id='word_1_256' title='bbox 714 2817 745 2862; x_wconf 91' lang='lat' dir='ltr'>ut</span> <span class='ocrx_word' id='word_1_257' title='bbox 766 2807 875 2863; x_wconf 88' lang='lat' dir='ltr'>animos</span> <span class='ocrx_word' id='word_1_258' title='bbox 889 2809 928 2864; x_wconf 91' lang='lat' dir='ltr'>ic·</span> 
     </span>
     <span class='ocr_line' id='line_1_36' title="bbox 55 2881 931 2958; baseline -0.001 -17"><span class='ocrx_word' id='word_1_259' title='bbox 55 2884 133 2941; x_wconf 86' lang='lat' dir='ltr'>circo</span> <span class='ocrx_word' id='word_1_260' title='bbox 148 2899 207 2942; x_wconf 90' lang='lat' dir='ltr'>non</span> <span class='ocrx_word' id='word_1_261' title='bbox 222 2881 333 2941; x_wconf 87' lang='lat' dir='ltr'>interire</span> <span class='ocrx_word' id='word_1_262' title='bbox 344 2882 450 2955; x_wconf 85' lang='lat' dir='ltr'>probari</span> <span class='ocrx_word' id='word_1_263' title='bbox 463 2881 559 2956; x_wconf 77' lang='lat' dir='ltr'>pontt,</span> <span class='ocrx_word' id='word_1_264' title='bbox 578 2881 657 2958; x_wconf 81' lang='lat' dir='ltr'>quod</span> <span class='ocrx_word' id='word_1_265' title='bbox 671 2895 848 2940; x_wconf 90' lang='lat' dir='ltr'>mortuorum</span> <span class='ocrx_word' id='word_1_266' title='bbox 866 2899 931 2940; x_wconf 85' lang='lat' dir='ltr'>cot·</span> 
     </span>
     <span class='ocr_line' id='line_1_37' title="bbox 55 2955 928 3036; baseline 0 -20"><span class='ocrx_word' id='word_1_267' title='bbox 55 2960 170 3036; x_wconf 79' lang='lat' dir='ltr'>poribus</span> <span class='ocrx_word' id='word_1_268' title='bbox 182 2961 223 3017; x_wconf 79' lang='lat' dir='ltr'>vis</span> <span class='ocrx_word' id='word_1_269' title='bbox 236 2958 367 3033; x_wconf 84' lang='lat' dir='ltr'>quaedam</span> <span class='ocrx_word' id='word_1_270' title='bbox 390 2955 474 3017; x_wconf 87' lang='lat' dir='ltr'>inelle</span> <span class='ocrx_word' id='word_1_271' title='bbox 493 2961 673 3016; x_wconf 87' lang='lat' dir='ltr'>veneratione</span> <span class='ocrx_word' id='word_1_272' title='bbox 691 2959 772 3033; x_wconf 83' lang='lat' dir='ltr'>digna</span> <span class='ocrx_word' id='word_1_273' title='bbox 794 2971 928 3033; x_wconf 88' lang='lat' dir='ltr'>putetur,</span> 
     </span>
     <span class='ocr_line' id='line_1_38' title="bbox 56 3034 928 3112; baseline 0.001 -18"><span class='ocrx_word' id='word_1_274' title='bbox 56 3053 124 3112; x_wconf 87' lang='lat' dir='ltr'>qnae</span> <span class='ocrx_word' id='word_1_275' title='bbox 138 3034 289 3110; x_wconf 82' lang='lat' dir='ltr'>fignificare</span> <span class='ocrx_word' id='word_1_276' title='bbox 299 3035 415 3104; x_wconf 88' lang='lat' dir='ltr'>debeat,</span> <span class='ocrx_word' id='word_1_277' title='bbox 434 3053 493 3096; x_wconf 90' lang='lat' dir='ltr'>non</span> <span class='ocrx_word' id='word_1_278' title='bbox 509 3034 594 3093; x_wconf 89' lang='lat' dir='ltr'>deleri</span> <span class='ocrx_word' id='word_1_279' title='bbox 617 3047 708 3092; x_wconf 87' lang='lat' dir='ltr'>morte</span> <span class='ocrx_word' id='word_1_280' title='bbox 729 3035 837 3094; x_wconf 88' lang='lat' dir='ltr'>animos</span> <span class='ocrx_word' id='word_1_281' title='bbox 853 3077 861 3103; x_wconf 96' lang='lat'>,</span> <span class='ocrx_word' id='word_1_282' title='bbox 882 3035 928 3096; x_wconf 89' lang='lat' dir='ltr'>sed</span> 
     </span>
     <span class='ocr_line' id='line_1_39' title="bbox 22 3111 930 3185; baseline -0.002 -12"><span class='ocrx_word' id='word_1_283' title='bbox 22 3168 23 3173; x_wconf 73' lang='grc'>,</span> <span class='ocrx_word' id='word_1_284' title='bbox 55 3113 259 3181; x_wconf 87' lang='lat' dir='ltr'>immortalium</span> <span class='ocrx_word' id='word_1_285' title='bbox 288 3114 471 3178; x_wconf 88' lang='lat' dir='ltr'>animorum,</span> <span class='ocrx_word' id='word_1_286' title='bbox 499 3113 586 3169; x_wconf 87' lang='lat' dir='ltr'>veluti</span> <span class='ocrx_word' id='word_1_287' title='bbox 619 3111 738 3184; x_wconf 85' lang='lat' dir='ltr'>sepulcra</span> <span class='ocrx_word' id='word_1_288' title='bbox 772 3113 930 3185; x_wconf 84' lang='lat' dir='ltr'>quaedam,</span> 
     </span>
     <span class='ocr_line' id='line_1_40' title="bbox 56 3186 930 3263; baseline -0.003 -12"><span class='ocrx_word' id='word_1_289' title='bbox 56 3189 183 3251; x_wconf 90' lang='lat' dir='ltr'>mortalia</span> <span class='ocrx_word' id='word_1_290' title='bbox 199 3206 316 3260; x_wconf 84' lang='lat' dir='ltr'>corpora</span> <span class='ocrx_word' id='word_1_291' title='bbox 331 3186 415 3247; x_wconf 83' lang='lat' dir='ltr'>inille.</span> <span class='ocrx_word' id='word_1_292' title='bbox 448 3187 523 3263; x_wconf 84' lang='lat' dir='ltr'>quast</span> <span class='ocrx_word' id='word_1_293' title='bbox 539 3206 596 3246; x_wconf 90' lang='lat' dir='ltr'>non</span> <span class='ocrx_word' id='word_1_294' title='bbox 614 3190 642 3245; x_wconf 69' lang='grc' dir='ltr'>ὅ(</span> <span class='ocrx_word' id='word_1_295' title='bbox 659 3188 806 3261; x_wconf 82' lang='lat' dir='ltr'>majora&amp;</span> <span class='ocrx_word' id='word_1_296' title='bbox 821 3187 930 3248; x_wconf 85' lang='lat' dir='ltr'>firmio·</span> 
     </span>
     <span class='ocr_line' id='line_1_41' title="bbox 55 3262 931 3342; baseline -0.003 -14"><span class='ocrx_word' id='word_1_297' title='bbox 55 3285 84 3328; x_wconf 87' lang='lat' dir='ltr'>ra</span> <span class='ocrx_word' id='word_1_298' title='bbox 101 3266 186 3325; x_wconf 85' lang='lat' dir='ltr'>muita</span> <span class='ocrx_word' id='word_1_299' title='bbox 200 3265 363 3342; x_wconf 86' lang='lat' dir='ltr'>suppetant,</span> <span class='ocrx_word' id='word_1_300' title='bbox 382 3266 479 3340; x_wconf 77' lang='lat' dir='ltr'>quibus</span> <span class='ocrx_word' id='word_1_301' title='bbox 494 3266 607 3340; x_wconf 88' lang='lat' dir='ltr'>planum</span> <span class='ocrx_word' id='word_1_302' title='bbox 623 3262 682 3323; x_wconf 84' lang='lat' dir='ltr'>fieri</span> <span class='ocrx_word' id='word_1_303' title='bbox 695 3263 790 3336; x_wconf 79' lang='lat' dir='ltr'>point,</span> <span class='ocrx_word' id='word_1_304' title='bbox 810 3266 857 3342; x_wconf 90' lang='lat' dir='ltr'>qui</span> <span class='ocrx_word' id='word_1_305' title='bbox 871 3267 931 3326; x_wconf 87' lang='lat' dir='ltr'>ani·</span> 
     </span>
     <span class='ocr_line' id='line_1_42' title="bbox 56 3339 928 3417; baseline 0 -17"><span class='ocrx_word' id='word_1_306' title='bbox 56 3361 120 3404; x_wconf 82' lang='lat' dir='ltr'>mos</span> <span class='ocrx_word' id='word_1_307' title='bbox 142 3341 224 3401; x_wconf 86' lang='lat' dir='ltr'>fimul</span> <span class='ocrx_word' id='word_1_308' title='bbox 252 3359 318 3402; x_wconf 84' lang='lat' dir='ltr'>cum</span> <span class='ocrx_word' id='word_1_309' title='bbox 340 3342 502 3417; x_wconf 74' lang='lat' dir='ltr'>corporibus</span> <span class='ocrx_word' id='word_1_310' title='bbox 523 3343 635 3402; x_wconf 87' lang='lat' dir='ltr'>interire</span> <span class='ocrx_word' id='word_1_311' title='bbox 663 3339 816 3400; x_wconf 76' lang='lat' dir='ltr'>contendat</span> <span class='ocrx_word' id='word_1_312' title='bbox 831 3383 840 3410; x_wconf 91' lang='lat'>,</span> <span class='ocrx_word' id='word_1_313' title='bbox 853 3355 928 3404; x_wconf 85' lang='lat' dir='ltr'>&#39;eum</span> 
     </span>
     <span class='ocr_line' id='line_1_43' title="bbox 56 3419 932 3495; baseline -0.005 -13"><span class='ocrx_word' id='word_1_314' title='bbox 56 3431 153 3482; x_wconf 83' lang='lat' dir='ltr'>contra</span> <span class='ocrx_word' id='word_1_315' title='bbox 168 3421 305 3478; x_wconf 88' lang='lat' dir='ltr'>rationem</span> <span class='ocrx_word' id='word_1_316' title='bbox 322 3459 331 3486; x_wconf 94' lang='lat'>,</span> <span class='ocrx_word' id='word_1_317' title='bbox 350 3419 423 3478; x_wconf 86' lang='lat' dir='ltr'>nulla</span> <span class='ocrx_word' id='word_1_318' title='bbox 438 3420 535 3478; x_wconf 79' lang='lat' dir='ltr'>ninum</span> <span class='ocrx_word' id='word_1_319' title='bbox 553 3420 681 3487; x_wconf 89' lang='lat' dir='ltr'>ratione,</span> <span class='ocrx_word' id='word_1_320' title='bbox 701 3432 830 3492; x_wconf 81' lang='lat' dir='ltr'>pugnare.</span> <span class='ocrx_word' id='word_1_321' title='bbox 851 3419 932 3495; x_wconf 86' lang='lat' dir='ltr'>qubd</span> 
     </span>
     <span class='ocr_line' id='line_1_44' title="bbox 57 3493 933 3574; baseline -0.009 -13"><span class='ocrx_word' id='word_1_322' title='bbox 57 3493 239 3569; x_wconf 71' lang='lat' dir='ltr'>liaudloritar</span> <span class='ocrx_word' id='word_1_323' title='bbox 254 3497 406 3574; x_wconf 82' lang='lat' dir='ltr'>quaerenda</span> <span class='ocrx_word' id='word_1_324' title='bbox 421 3496 453 3555; x_wconf 87' lang='lat' dir='ltr'>srt</span> <span class='ocrx_word' id='word_1_325' title='bbox 468 3539 477 3564; x_wconf 93' lang='lat'>,</span> <span class='ocrx_word' id='word_1_326' title='bbox 497 3514 584 3572; x_wconf 88' lang='lat' dir='ltr'>quem</span> <span class='ocrx_word' id='word_1_327' title='bbox 606 3497 764 3572; x_wconf 83' lang='lat' dir='ltr'>graviorem</span> <span class='ocrx_word' id='word_1_328' title='bbox 783 3499 933 3562; x_wconf 83' lang='lat' dir='ltr'>nominare</span> 
     </span>
    </p>
   </div>
   <div class='ocr_carea' id='block_1_3' title="bbox 307 3579 934 3656">
    <p class='ocr_par' dir='ltr' id='par_1_3' title="bbox 307 3579 934 3656">
     <span class='ocr_line' id='line_1_45' title="bbox 307 3579 934 3656; baseline -0.024 1"><span class='ocrx_word' id='word_1_329' title='bbox 307 3590 310 3597; x_wconf 86' lang='lat'>&#39;</span> <span class='ocrx_word' id='word_1_330' title='bbox 369 3579 728 3656; x_wconf 67' lang='lat' dir='ltr'>Grterrtaarttl‘</span> <span class='ocrx_word' id='word_1_331' title='bbox 828 3629 830 3638; x_wconf 66' lang='grc'>,</span> <span class='ocrx_word' id='word_1_332' title='bbox 884 3591 934 3634; x_wconf 81' lang='lat' dir='ltr'>au·</span> 
     </span>
    </p>
   </div>
   <div class='ocr_carea' id='block_1_4' title="bbox 0 0 1179 3892">
    <p class='ocr_par' dir='ltr' id='par_1_4' title="bbox 0 0 1179 3892">
     <span class='ocr_line' id='line_1_46' title="bbox 0 0 1179 3892; baseline 0 0"><span class='ocrx_word' id='word_1_333' title='bbox 0 0 1179 3892; x_wconf 95' lang='lat' dir='ltr'> </span> 
     </span>
    </p>
   </div>
  </div>
 </body>
</html>
