2342 3892
265 128 351 201 4ruo
449 111 967 182 moruerncreenouis

158 291 163 294 ,
216 213 223 225 “
268 213 404 293 spedatut
423 213 486 278 suit.
524 215 673 293 Cambyses
700 219 774 278 enirn
799 217 881 276 iratus
910 217 942 278 δε
963 213 1048 274 ebrius
1068 208 1118 271 clm

271 292 332 370 ejus
346 291 434 352 filium
449 292 548 369 sagittis
560 305 683 367 peteret,
699 296 815 372 iamque
829 291 930 368 peditis·
940 291 1069 350 reclusum
1086 307 1117 361 ap-

270 380 396 446 pareret,
415 382 520 444 patrem
531 369 606 445 juffit
619 370 766 445 inspicere,
786 389 855 430 num
870 387 921 430 cor
934 364 1083 444 percussum
1095 363 1117 419 el·

267 444 322 506 set.
340 445 386 511 cui
401 445 465 504 cbm
479 459 557 521 pater
570 445 761 522 respondisset,
777 447 835 522 jam
851 447 933 506 cordi
944 444 1067 522 sagittam
1086 440 1117 496 ei:

272 519 406 581 infixam:
423 535 486 580 tum
501 522 667 599 Cambyses,-
687 524 823 660 numssuid
835 534 960 590 certam,
981 519 1118 597 inquit,hr

276 596 333 656 beo
347 596 484 657 manum?
504 612 532 656 at
546 611 622 674 pater
635 640 643 668 ,
658 599 740 662 nullo
780 599 860 659 oloris
879 598 960 674 ligno
983 599 1047 656 dato
1063 638 1070 662 ‚
1087 611 1118 651 ne:

163 690 174 704 ²
276 675 557 748 usquamconversa,
576 687 624 737 aut
636 689 781 736 commota
795 677 887 734 faeie:
922 692 960 733 ne
985 672 1119 749 Apollinei

136 766 138 785 ¹
275 749 411 826 quidem,
429 749 955 828 inquit,certioressagittasemissurum
972 748 1121 809 crediderint

278 825 359 900 Quid
371 827 446 885 bunc
458 841 564 902 patrem
578 837 706 903 putemus
722 829 858 888 fadurum
873 825 966 895 fuisse,
988 827 1008 884 sr
1024 825 1092 885 filius
1109 843 1121 880 r:

279 917 374 978 pugna
387 903 495 964 sortirer
507 904 641 964 dimicans
656 903 824 970 occubuisset
839 947 846 972 .
867 906 915 982 qui
934 903 1043 963 nullius·
1060 901 1121 972 culp

280 978 425 1039 conscium
444 979 531 1040 filium
553 980 733 1042 crudeliffrmd
760 982 890 1042 trucidari
917 997 976 1041 non
1005 980 1121 1040 doluerit.

188 1120 191 1129 ,
279 1069 351 1116 num
367 1055 526 1124 credamus,
545 1057 594 1116 filii
607 1071 729 1118 mortem
753 1059 899 1118 honestam
925 1075 957 1116 ac
985 1075 1038 1132 pro
1067 1055 1121 1129 pari·

279 1130 454 1207 susceptam,
487 1133 534 1192 tali
554 1137 623 1208 patri
649 1137 769 1194 suturam
798 1135 877 1197 fulffe
902 1133 1114 1209 jucundissiman

215 1247 217 1250 >
251 1221 254 1226 ·
279 1208 345 1268 Nec
359 1221 454 1278 tamen
468 1209 564 1271 dubito
577 1213 728 1286 permultos
742 1214 803 1270 fore
818 1229 837 1280 ‚·
848 1212 897 1290 qui
915 1211 1034 1286 impium
1050 1211 1122 1268 illurn

277 1291 315 1348 'ec
331 1285 559 1359 paeneviscemm
579 1287 690 1347 suorum
712 1289 869 1348 carnificem
890 1300 1006 1346 vocent.
1048 1285 1097 1344 Sed
1106 1286 1122 1338 ri

280 1362 357 1421 ciant
368 1360 448 1432 sane,
467 1375 498 1424 ut
511 1364 603 1430 luben
624 1364 691 1424 dum
705 1367 761 1424 hoc
775 1364 842 1424 mihi
859 1363 1039 1433 concedant,
1060 1379 1122 1440 eren

280 1436 362 1514 plum
374 1439 432 1497 hoc
443 1440 611 1500 fortitudinis
630 1459 663 1502 ac
684 1442 786 1501 devidi
808 1441 912 1500 doloris
932 1437 987 1498 effe
1008 1439 1123 1515 praeclnr·

173 1534 176 1541 ·
270 1514 395 1585 dmum,
431 1517 521 1591 Quod
534 1517 554 1576 fi
566 1516 605 1575 ita
626 1517 663 1576 est
679 1551 691 1586 e
708 1531 738 1577 ut
758 1517 884 1577 infirmos
904 1517 1017 1576 animos
1040 1513 1123 1590 sperata

278 1604 438 1680 ceterorum
454 1594 536 1676 uirtus
548 1595 634 1669 erigat
660 1596 690 1654 &
704 1593 868 1664 confirmet,
889 1610 976 1670 quem
995 1593 1123 1652 censearis

278 1684 339 1746 pam
353 1668 444 1727 dolori
458 1669 670 1738 concessurum,
690 1671 754 1730 culm
770 1685 827 1730 ram
848 1671 951 1732 multos
967 1669 1084 1737 audiat,
1099 1681 1121 1736 il

277 1743 380 1820 seipsos
393 1746 421 1804 in
436 1743 535 1806 dolore
549 1746 706 1822 superarint.
723 1749 874 1822 quocirca,
893 1759 951 1805 tarn
968 1746 1061 1805 multa
1079 1757 1123 1800 rnr-

276 1838 343 1886 mm
357 1821 485 1896 exempla
506 1823 636 1900 colligere
656 1865 666 1894 ,
693 1840 814 1891 vereor4
839 1841 877 1884 ne
897 1821 1122 1898 supervacanenr.

272 1910 323 1965 eut
335 1897 445 1958 sonasst
459 1900 587 1973 putidum
602 1897 734 1964 videatur.
761 1899 839 1980 quod
861 1900 881 1960 sr
902 1901 1002 1958 ceteris
1026 1913 1114 1958 tantur

272 1978 305 2036 dt
318 1994 378 2047 non
394 1976 614 2050 nobismetipsu,
633 1975 828 2046 scriberemus..
844 1974 954 2036 fortalle
970 1977 1121 2036 breviores:

273 2052 438 2122 scribendo,
457 2054 485 2110 in
500 2053 633 2126 exemplis
646 2065 739 2116 autem
755 2053 926 2113 recensendis
940 2055 1028 2112 etiam
1050 2053 1119 2126 prior

274 2127 402 2199 essemus,
439 2128 486 2187 sed
500 2127 639 2190 fitrrescio
654 2129 821 2206 quomodo,
841 2143 920 2194 ur-ex
943 2129 1065 2188 aliorum
1087 2125 1120 2184 cn·

274 2205 326 2266 bus
339 2205 374 2266 ad
389 2205 460 2266 mala
474 2205 563 2264 nostra
577 2205 694 2273 sananda
709 2205 878 2266 medicinam
894 2205 1069 2280 colligamus.
1100 2220 1119 2257 rr

273 2281 316 2342 bis
330 2281 444 2360 quidem
461 2283 497 2341 ita
511 2283 637 2342 videtur:
658 2283 705 2352 dc,
724 2279 791 2352 clim·
805 2283 900 2341 nolito
916 2281 1023 2340 vulneri
1040 2280 1119 2340 mede·

274 2375 365 2429 mur,
383 2359 476 2421 mitari
491 2375 551 2417 non
565 2358 704 2420 debebunt
719 2358 767 2435 qui
783 2359 845 2424 haec
860 2360 888 2420 in
903 2371 1001 2422 manus
1023 2357 1118 2418 sumen:

273 2435 364 2514 fiquid
379 2434 488 2495 sortasse
500 2435 593 2510 paullo
607 2434 760 2512 expressum
776 2435 885 2494 uberius
895 2435 1065 2494 invenerint.
1086 2433 1117 2489 ill.

237 2506 246 2520 ⁴
274 2511 351 2584 certe
364 2511 536 2588 propositum
553 2513 702 2580 habemus,
724 2525 753 2572 ut
769 2511 900 2579 omnibus
915 2512 1063 2572 nobiseum
1088 2525 1119 2582 pu

272 2587 366 2657 delle,
386 2589 573 2662 omniumque
608 2589 719 2655 dolori.
743 2587 829 2664 quam
860 2585 1059 2658 accuratissime
1092 2585 1126 2641 fic·

295 2665 374 2735 offit,
393 2663 615 2731 consolationem
632 2665 727 2724 afferre
742 2665 882 2740 poffimus.
900 2664 1087 2739 quamobrem
1108 2663 1118 2715 l

272 2680 468 2810 enumerandis
482 2740 601 2798 nostram
617 2741 695 2806 valde
711 2741 842 2800 imminui
860 2753 945 2816 atque
960 2740 1067 2798 allevari
1088 2756 1130 2794 rnn

274 2818 380 2878 lestiam
395 2820 570 2891 experimur:
592 2817 687 2878 ceteris
703 2818 779 2876 idem
793 2829 939 2894 optamus,
959 2834 1006 2884 ac,
1025 2815 1129 2872 fidice:

268 2897 355 2969 liceat
362 2934 373 2963 ,
392 2895 476 2952 etiam
489 2893 634 2968 speramus.
672 2895 786 2953 namin
807 2905 882 2959 tanta
905 2893 951 2950 rel
970 2906 1130 2966 argumento

271 2989 356 3039 enm,
377 2970 423 3028 vel
439 2970 632 3044 exemplorum
646 2965 744 3042 copia,
765 2967 903 3044 quibus'se
923 2969 1047 3042 legentes
1068 2980 1129 3042 paen

270 3048 356 3110 obrui
371 3045 503 3112 sentient,
523 3047 616 3121 ecquis
631 3044 659 3116 se
674 3045 870 3116 immobilem,
889 3055 936 3112 aut
948 3047 976 3104 in
994 3043 1092 3106 dolore
1104 3045 1131 3100 ir·

276 3121 449 3188 exorabilem
464 3121 605 3200 praebeat?

167 3250 174 3273 s
265 3235 273 3252 .
460 3239 464 3243 -
591 3199 696 3270 Desunt
710 3197 847 3258 nonnulla,
874 3203 876 3209 '
1132 3269 1133 3272 Ἴ

188 3289 191 3297 ·
276 3275 343 3332 Nee
357 3273 425 3332 vero
440 3275 558 3348 ignoro,
577 3275 709 3334 nonnulla
724 3277 864 3334 interdum
879 3274 1010 3336 accidere
1023 3317 1032 3345 ‚
1051 3269 1133 3348 quibu

275 3349 316 3426 im
325 3350 495 3434 perturbetur
509 3353 539 3408 dr
553 3352 726 3425 opprimatur
740 3353 863 3420 animun,
884 3364 915 3410 ut
931 3351 1089 3412 inredicina
1105 3364 1133 3401 re<

277 3423 386 3515 fragrat.
405 3425 490 3519 idque
503 3425 524 3497 si
537 3427 594 3494 ullo
606 3427 636 3501 iu
649 3427 874 3518 msucominpit,
894 3427 997 3504 certe,
1017 3422 1133 3568 mide}

317 3536 322 3545 Ι
522 3543 525 3550 ,
562 3520 566 3529 ·
813 3515 823 3554 r
1095 3515 1123 3558 οι
