2342 3892
212 118 671 200 ¹Consouarro.
721 184 722 188 ,
806 149 888 220 mm
984 157 989 164 ·

29 234 107 296 {cille
121 233 259 295 videatur.
279 255 344 297 narn
359 237 490 301 Pontifex
507 281 516 308 ,
535 240 606 300 iuter
627 237 802 300 sollemnium
824 260 888 300 uer·

29 331 118 371 orum
131 314 390 389 nuncupationem,
409 315 516 392 postem
528 330 644 385 tenens,
664 328 695 374 ut
708 315 795 377 lilium
813 336 890 377 mor·

29 410 98 448 rum
115 388 240 460 audiuit,
260 408 352 465 neque
368 410 484 453 manum
500 391 601 469 'apulie
615 396 755 462 removit,
775 391 891 455 nesacra

31 469 177 536 inmutet.
197 484 251 527 nec
266 470 374 528 vultum
391 470 526 546 apopulo
548 471 670 541 auertit,
690 486 726 530 ue
745 471 822 530 suurn
837 489 889 546 po-

29 544 68 602 lias
91 543 250 614 dolorem,
277 546 365 622 quam
392 548 488 624 populi
510 547 656 607 utilitatem
697 564 730 605 ae
755 547 889 618 salutern,

31 621 144 694 ogitare
172 621 319 682 videretur.
365 623 427 695 Jam
444 665 453 693 ‚
473 623 540 699 quid
561 625 596 682 L.
619 624 715 683 Paullo
742 625 890 701 insignius,

32 698 82 755 uid
96 696 244 755 illustrius?
267 702 317 776 qui
330 700 400 760 filios
432 700 577 759 auciffimis
589 699 683 758 diebus
698 699 767 760 duos
781 703 818 760 ita
831 719 893 778 per-

33 774 104 842 idit,
127 787 160 831 ut
181 773 291 835 nullum·
308 775 390 853 paeub
410 719 513 837 doloris
534 776 626 851 paullo
648 778 733 835 acrius
755 777 891 838 indicium

29 850 148 909 diderit.
168 867 200 909 ac
216 853 307 924 potius
322 857 350 914 in
365 872 397 912 ea
412 855 569 922 concione,
590 871 673 930 quam
689 853 725 913 de
742 855 820 912 rebus
835 853 849 912 a
866 855 894 914 se

29 927 100 995 mstis
115 927 151 986 ad
163 928 302 1006 pupulum
317 931 429 998 habuit,
449 930 621 999 laetatusell‚
640 931 774 1007 quidquid
789 931 894 1006 populo

29 1006 157 1065 lornano
172 1005 335 1066 immineret
353 1008 480 1074 adverfi,
502 1019 595 1066 totum
616 1007 644 1066 id
666 1009 693 1066 in
723 1007 749 1064 se
772 1007 859 1082 ipsum
880 1007 897 1068 l

29 1080 70 1137 liis
85 1081 291 1148 immortalibus
307 1082 361 1147 elle
376 1083 552 1143 conversum.
594 1083 668 1142 Cum
691 1083 812 1158 Sulpicio
829 1083 898 1142 verb
996 1129 999 1136 .

29 1156 104 1215 {allo
121 1158 185 1234 quis
199 1158 283 1234 neget
295 1161 389 1221 aetum
406 1159 461 1220 effe
475 1159 675 1238 praeclariffime
692 1158 703 1216 ?
724 1161 802 1234 cujus
814 1161 899 1220 iuno·

29 1235 165 1303 rentiam,
186 1234 360 1310 sapientiam,
384 1238 530 1298 militarem
549 1239 704 1306 virtutem,
731 1239 814 1295 etiam
837 1236 901 1294 infi-

29 1312 77 1381 gnis
94 1313 128 1370 in
146 1311 227 1369 obitu
242 1311 287 1371 filli
303 1315 436 1376 fortitudo
457 1314 634 1373 illustraverit.
673 1330 757 1388 quern
770 1331 800 1370 ut
814 1331 899 1372 nurn-

29 1404 107 1461 1uam
125 1387 224 1446 lubens
237 1391 349 1449 tacitum
365 1389 576 1462 dimiserim,fic
591 1391 625 1448 ad
641 1370 779 1450 stronem
797 1407 899 1472 prope·

30 1479 81 1521 ans
108 1463 243 1523 exsultare
259 1468 363 1526 videtur
385 1470 518 1538 animus,
540 1470 569 1526 δι
591 1465 666 1542 quast
686 1467 714 1525 iu
731 1479 843 1540 portum
864 1484 900 1526 ex

29 1540 139 1598 torrida
152 1541 312 1616 tempestate
327 1544 448 1613 delatus,
466 1544 496 1603 iu
512 1543 695 1619 sapientiffinri
710 1544 759 1608 viri
783 1544 900 1601 nornine

33 1629 110 1692 tque
124 1619 254 1693 exemplo
268 1622 474 1697 conquiescere.
511 1639 605 1698 neque
623 1621 698 1678 enirn
714 1621 811 1686 maiori
830 1620 899 1678 mihi

29 1692 203 1753 admirationi
217 1693 272 1753 erse
285 1697 373 1756 solent
387 1698 524 1756 elariffimi
542 1697 665 1756 hominis
688 1713 729 1754 res
756 1693 839 1770 gestae
865 1713 899 1756 ac
926 1763 927 1766 Ἴ
984 1721 986 1728 ⁴

29 1769 126 1838 virtus,
147 1788 206 1834 non
226 1771 316 1844 solum
340 1775 452 1834 in‘luce
474 1775 591 1850 patriae,
609 1772 655 1834 sed
677 1773 759 1830 etiarn
778 1772 806 1830 in
829 1787 900 1831 con·

29 1843 244 1918 neffuhostium
260 1853 392 1926 cognita,
411 1850 497 1928 quam
525 1854 576 1908 fuit
597 1851 641 1909 illa
670 1850 699 1908 iu
720 1847 767 1906 filii
789 1861 880 1906 morte
889 1849 902 1922 ,“

29 1926 149 1992 nraetoris
163 1925 316 2002 designati,
336 1929 364 1986 in
380 1929 468 1988 oculis
483 1929 612 1986 omnium
639 1927 743 1984 civium
764 1924 899 1984 fortitudo
972 1983 975 1988 ,

29 1998 168 2062 leclarata.
209 2004 307 2080 Atque
325 2005 427 2063 horum
445 2006 553 2080 egregia
568 2005 597 2062 in
617 2001 774 2060 domesticis
790 2000 901 2060 miseriis
971 2047 975 2072 s

29 2089 106 2153 tque
125 2081 259 2139 aerumnis
283 2081 407 2140 facinora
427 2083 475 2158 qui
497 2082 604 2140 fortiter
627 2078 662 2137 in
678 2079 798 2136 civitate
810 2075 904 2146 nostra]

31 2157 121 2214 mirati
137 2155 213 2226 siut,
233 2156 366 2227 casusque
380 2160 502 2217 lortunae
522 2155 694 2232 gravissimos
707 2153 900 2240 patientiffimd
964 2177 969 2214 r

32 2232 153 2300 trierim,
176 2252 236 2292 nun
251 2235 362 2293 difficile
382 2237 466 2293 fuerit
486 2235 614 2293 oratione
635 2229 793 2304 complecti.
832 2247 898 2288 narn

29 2310 52 2366 le
69 2311 109 2384 Q.
120 2304 244 2370 Martius
260 2313 339 2381 llex,
361 2311 424 2370 clun
442 2313 556 2369 unicum
573 2310 691 2367 summae
707 2305 900 2394 pietatieasum-

29 2402 138 2461 naeque
155 2389 261 2445 uirtutis
276 2386 365 2447 filium
380 2383 525 2455 amilillet,
545 2386 672 2444 dolorem
688 2382 900 2468 prudenrraper-

29 2462 106 2530 aicit,
130 2463 160 2521 ὅ(
175 2479 211 2521 eo
225 2463 283 2538 ipio
298 2465 361 2534 die,
376 2483 436 2541 quo
453 2463 608 2537 filiirogum
625 2459 770 2538 spectarat,
791 2475 901 2541 curram

29 2537 152 2614 ngreffus
166 2540 218 2598 est:
238 2541 420 2618 senatumque
430 2541 506 2618 jullit
527 2541 688 2599 convenire.
727 2531 832 2592 Crassus
847 2551 895 2620 ue,

29 2615 65 2683 ὸ,
86 2618 114 2675 in
136 2635 175 2674 eo
188 2618 307 2692 praeliO,
334 2617 491 2696 quodcum
506 2617 607 2675 Parthis
623 2611 780 2697 commisit,
800 2608 877 2697 occis

29 2689 90 2758 ilio,
111 2707 225 2752 rantum
242 2695 326 2766 abluit
340 2711 372 2753 ut
385 2695 510 2761 doleret,
531 2708 562 2750 ut
575 2693 658 2749 eriam
681 2701 832 2774 exercitum
850 2703 894 2744 rn-

29 2773 197 2843 :repaverit‚
218 2772 295 2847 quod
316 2776 397 2832 unius
414 2773 507 2830 militis
524 2765 631 2846 jacluri
651 2779 795 2838 tantopere
810 2775 891 2820 lom·

29 2860 201 2916 noveretur,
220 2849 401 2924 hortatusque
415 2848 471 2914 sat,
492 2861 523 2904 ut
543 2847 637 2921 patriae
659 2843 764 2904 virtutis
779 2855 890 2925 memo·

29 2937 77 2990 es,
96 2942 148 2997 pro
163 2926 301 3001 republica
317 2928 426 2985 lortiter
447 2924 612 2983 dimicarent
627 2962 635 2984 .
663 2917 710 2976 lilii
726 2929 827 2973 rnortur
848 2914 890 2979 ul,

30 2998 125 3057 ionem
141 2999 185 3060 libi
202 3005 251 3061 uni
267 3003 464 3079 relinquerent.
505 2999 558 3056 Sed
573 2997 711 3070 antiquior
725 2994 756 3051 P.
767 2985 891 3076 Crassus,

29 3074 61 3131 rir
75 3078 161 3135 clarus
174 3072 366 3147 &consularis
383 3121 392 3146 ‚
414 3082 442 3136 Ρ.
454 3077 539 3136 Craffi
556 3075 601 3133 lilii
619 3084 737 3129 mortem
755 3067 784 3124 be
796 3064 891 3151 Ινιάιτ,

29 3151 277 3214 ἔζωοάεηῐίίῇιηὲ
300 3157 372 3213 tulit.
411 3156 474 3213 Nec
495 3155 529 3212 ab
547 3153 605 3226 ejus
627 3146 705 3234 laude
728 3143 836 3228 abfuit.
857 3157 889 3198 ac

29 3227 125 3290 ‘'ortaffe
142 3231 236 3292 Craffo
257 3233 405 3309 praestitit,
433 3231 487 3289 Cn.
502 3228 627 3303 Caepio,
653 3239 700 3311 qur
721 3219 888 3292 CaeP¹⁰¹¹⁰m

29 3301 100 3366 ilium
115 3310 263 3383 naufragio
281 3308 457 3383 absumptum
474 3307 510 3364 ita
524 3323 582 3364 non
599 3298 703 3388 doluit,
723 3309 753 3353 ut
774 3311 838 3367 Cum
855 3308 892 3348 ¹¹⁶

32 3386 112 3444 evuer
127 3381 242 3462 quidem
258 3387 275 3445 ‘e
291 3387 387 3454 vultu,
407 3399 455 3444 aur
470 3383 522 3442 ulla
536 3393 664 3452 corporis*
672 3385 747 3450 parte
762 3381 893 3459 commo·

29 3474 78 3534 tutu
91 3461 109 3526 ὲ
124 3463 304 3539 familiaribus
324 3453 472 3540 quisquam
496 3458 552 3518 ullo
576 3451 657 3531 pauo
678 3449 793 3512 senserit.
830 3445 890 3520 Jarn

95 3538 170 3548 “’
304 3535 612 3617 mmmms
766 3509 896 3662 Naul
